2046 3354
895 153 1191 196 -23-

290 263 354 305 De
372 262 566 318 praeside
585 276 795 318 augurum
818 264 860 303 et
879 260 1234 316 septemvirorum
1256 263 1396 304 aetate
1415 261 1720 316 imperatorum
1749 262 1917 316 praeter

172 341 413 395 exemplum
447 338 622 395 auguris
655 337 829 381 maximi
862 336 1182 394 provincialis’)
1208 337 1317 380 nihil
1343 338 1572 381 memoriae
1598 336 1813 394 proditum
1841 340 1917 381 est.

172 417 455 472 Temporibus
499 419 640 458 autem
685 415 844 457 liberae
891 414 1150 470 reipublicae
1197 414 1431 471 auguribus
1471 414 1742 470 praesidebat
1780 428 1918 471 augur

172 495 398 549 maximus,
423 493 509 549 qui,
535 495 582 535 ut
607 506 763 535 nomen
792 491 963 547 indicat,
988 492 1199 534 maximus
1225 494 1328 534 natu
1356 492 1466 535 inter
1490 491 1728 535 sacerdotes
1747 491 1916 549 collegii

172 570 315 628 erat.²)
372 570 437 612 De
468 569 739 625 septemviris
771 584 836 611 res
870 570 913 612 in
945 583 1060 612 mera
1092 568 1334 611 coniectura
1365 568 1508 624 posita
1532 572 1610 623 est,
1640 583 1778 625 neque
1802 571 1919 611 caret

172 647 475 704 probabilitate
519 645 689 689 Habelii
730 645 941 702 opinio³),
986 647 1264 702 imperatores
1308 649 1357 688 ut
1399 646 1676 702 pontificibus
1716 648 1760 688 et
1796 646 1918 702 quin·

172 724 413 768 decimviris
458 724 518 766 ita
561 723 688 766 etiam
734 723 968 780 auguribus
1013 723 1367 778 septemvirisquc
1416 723 1668 779 praefuisse,
1716 722 1830 778 quod
1880 721 1916 765 si

172 818 315 845 verum
349 804 432 857 est,
463 815 550 844 non
582 803 646 843 est
678 801 853 843 dubium
888 800 991 855 quin
1024 801 1320 856 imperatores,
1357 802 1392 843 si
1425 800 1595 856 quando
1629 800 1709 856 ipsi
1740 799 1918 856 impedi-

169 883 334 934 rentur,
363 879 691 935 promagistros,
729 880 778 920 ut
810 878 853 920 in
888 877 1080 934 collegiis
1111 877 1363 933 pontificum
1397 881 1441 921 et
1471 877 1918 934 quindecimvirorum,

170 956 362 999 edidisse.
424 954 562 1012 Virgo
606 955 793 998 Vestalis
837 955 1023 997 maxima
1066 954 1336 1011 praesidebat
1380 954 1616 1013 virginibus
1660 953 1918 997 Vestalibus.

170 1033 403 1076 Fetialibus
435 1035 579 1075 utrum
612 1033 816 1090 magister
846 1047 899 1074 an
931 1032 1090 1075 fetialis
1123 1033 1334 1075 maximus
1366 1032 1616 1087 praefuerit,
1646 1028 1847 1089 nescio.⁴)

288 1110 351 1152 De
389 1110 637 1167 magisterio
674 1109 854 1151 fratrum
886 1107 1108 1152 Arvalium
1145 1112 1187 1151 et
1219 1108 1428 1152 sodalium
1461 1107 1764 1166 Augustalium
1797 1108 1918 1152 doce·

170 1203 265 1230 mur
296 1187 429 1230 fastis.
494 1186 662 1229 Fratres
694 1186 954 1242 cooptabant
986 1186 1179 1243 singulos
1211 1187 1440 1243 magistros
1472 1186 1710 1229 ordinarios
1740 1201 1919 1241 annuos,

170 1265 242 1321 qui
287 1264 431 1319 aliqua
474 1277 601 1306 causa
644 1263 838 1318 impediti
882 1264 1192 1319 promagistros
1235 1264 1318 1319 ipsi
1362 1264 1554 1306 edebant.
1626 1262 1671 1306 Si
1715 1264 1920 1321 magister

171 1341 408 1385 ordinarius
434 1341 547 1384 intra
572 1341 671 1383 anni
698 1341 883 1396 spatium
911 1341 1186 1395 moriebatur,
1211 1341 1320 1383 alius
1346 1340 1649 1383 sufficiebatur.
1698 1339 1920 1384 Praeterea

169 1418 463 1475 magisterium
496 1419 593 1474 plus
619 1432 746 1473 quam
781 1419 911 1460 semel
939 1417 993 1460 ab
1020 1418 1167 1460 eodem
1193 1418 1368 1461 homine
1393 1418 1553 1473 suscipi
1579 1418 1772 1473 potuisse
1800 1417 1919 1461 colli·

170 1498 287 1552 gitur
323 1510 375 1538 ex
413 1494 620 1551 exemplis
654 1493 848 1537 Sallustii
880 1494 1022 1538 Blaesi
1060 1496 1256 1552 magistri
1287 1494 1328 1537 11
1354 1494 1407 1551 (F
1432 1493 1534 1537 XIV
1554 1494 1650 1551 65),
1682 1495 1726 1538 L.
1754 1494 1918 1538 Veratii

169 1573 374 1624 Quadrati
400 1572 595 1629 magistri
621 1570 662 1615 II
684 1571 737 1626 (F
762 1571 865 1614 XIV
886 1571 974 1628 86),
999 1572 1056 1614 Μ.
1077 1571 1238 1615 Valerii
1258 1571 1435 1615 Deciani
1461 1572 1654 1629 magistri
1681 1571 1723 1614 II
1742 1571 1796 1628 (F
1814 1570 1918 1615 XIV

172 1649 263 1707 79),
301 1649 363 1693 Ti.
391 1649 564 1692 Caecilii
603 1648 822 1705 Simplicis
863 1649 1056 1706 magistri
1088 1649 1150 1692 III
1183 1648 1236 1706 (F
1262 1648 1363 1691 XIV
1388 1648 1483 1706 83),
1525 1647 1675 1692 Avillii
1714 1647 1919 1700 Quadrati

171 1728 365 1785 magistri
396 1726 437 1769 H
462 1725 516 1784 (F
540 1726 644 1768 XIV
668 1725 792 1783 110),
823 1725 870 1768 T.
896 1726 1033 1769 Flavii
1064 1726 1265 1770 Archelai
1297 1726 1491 1784 magistri
1523 1724 1564 1768 II
1591 1724 1645 1783 (F
1670 1724 1772 1768 XIV
1802 1725 1920 1783 138),

170 1805 215 1847 P.
242 1804 355 1848 Aelii
382 1803 613 1847 Secundini
638 1804 833 1860 magistri
858 1803 899 1846 Π
927 1804 979 1860 (F
1004 1804 1107 1847 XIV
1130 1804 1247 1862 141).
1296 1804 1483 1847 Invicem
1510 1804 1790 1859 imperatores
1815 1817 1918 1859 quo-

171 1897 253 1937 que
284 1882 579 1939 magisterium
611 1880 894 1937 accipiebant3
926 1881 1122 1925 Tiberius
1149 1881 1202 1939 (F
1227 1880 1331 1925 XIV
1354 1879 1427 1938 18)
1458 1880 1543 1924 fuit
1568 1881 1772 1938 magister
1795 1894 1919 1936 quar-

169 1965 261 2002 tum
295 1974 406 2002 anno
438 1961 488 2001 ut
518 1958 687 2001 videtur
715 1958 784 2014 27,
816 1961 859 2001 et
887 1957 1005 2002 Nero
1038 1960 1242 2017 magister
1271 1959 1426 2002 iterum
1459 1973 1494 2000 a.
1521 1956 1635 2014 66⁵),
1665 1961 1709 2000 et
1739 1957 1918 2015 dignum

170 2041 235 2080 est
258 2039 499 2080 memoratu
525 2050 637 2079 anno
663 2035 720 2078 69
746 2034 924 2078 Galbam
951 2035 1166 2079 Othonem
1187 2036 1412 2079 Vitellium
1438 2035 1668 2092 magistros
1693 2037 1918 2090 cooptatos

170 2130 272 2157 esse.
281 2112 315 2171 ⁶)
383 2113 512 2157 Terni
548 2113 744 2170 magistri
781 2113 1081 2169 praesidebant
1117 2113 1335 2156 sodalibus
1364 2112 1679 2170 Augustalibus
1716 2114 1759 2154 et
1795 2111 1919 2154 annis

170 2192 256 2234 213
295 2194 338 2234 et
375 2188 523 2248 214⁷),
567 2193 628 2246 et,
670 2191 707 2232 si
743 2189 934 2233 Huelsen
970 2191 1260 2247 fragmentum
1298 2189 1390 2232 CIL
1421 2188 1524 2232 XIV
1545 2189 1663 2231 2390
1699 2188 1918 2232 sodalibus

169 2267 481 2326 Augustalibus
511 2270 645 2323 recte,
684 2270 734 2310 ut
764 2267 872 2310 mihi
902 2267 1088 2323 videtur,
1125 2265 1384 2323 attribuit8)‚
1422 2267 1544 2310 annis
1579 2266 1663 2309 136
1694 2268 1738 2308 et
1772 2265 1854 2308 137
1863 2264 1918 2323 ⁹);

170 2346 464 2403 magisterium
507 2345 641 2387 fuisse
683 2359 872 2387 aunuum
914 2347 958 2387 et
992 2344 1092 2400 plus
1129 2359 1258 2399 quam
1297 2345 1428 2386 semel
1464 2343 1518 2386 ab
1556 2343 1707 2386 eodem
1743 2343 1919 2386 homine

171 2423 370 2478 occupari
401 2422 593 2478 potuisse
623 2422 918 2464 demonstrant
942 2420 1138 2476 exempla
1162 2455 1171 2463 .
1192 2454 1200 2463 .
1221 2455 1230 2463 .
1256 2422 1287 2463 ii
1312 2421 1510 2478 magistri
1533 2419 1600 2463 ΠΙ
1625 2419 1679 2477 (F
1704 2419 1810 2462 VIII
1826 2420 1918 2475 41),

169 2499 325 2542 Umbri
355 2499 552 2555 magistri
575 2498 639 2542 IV
664 2497 848 2555 (F.VHI
865 2497 956 2555 42),
982 2497 1127 2540 Severi
1151 2498 1348 2555 magistri
1371 2497 1435 2540 III
1460 2496 1514 2555 (F
1540 2497 1646 2540 VIII
1664 2495 1755 2554 43),
1779 2497 1800 2540 I
1819 2531 1828 2539 .
1848 2530 1858 2540 .
1878 2530 1888 2539 .
1907 2531 1917 2540 .

171 2578 253 2619 asti
290 2577 487 2633 magistri
522 2575 564 2618 H
589 2575 642 2633 (F
667 2575 773 2618 VHI
797 2574 893 2632 44),
931 2574 1077 2618 Severi
1113 2575 1310 2630 magistri
1346 2573 1390 2617 Π
1421 2574 1475 2631 (F
1500 2574 1606 2617 VIH
1624 2573 1721 2631 45),
1752 2607 1762 2616 .
1783 2609 1792 2615 .
1813 2608 1822 2616 .
1842 2608 1852 2616 .
1882 2574 1917 2616 ti

171 2654 367 2711 magistri
402 2652 445 2696 ΙΙ
477 2651 529 2710 (F
560 2652 667 2695 VIII
685 2651 782 2710 46),
825 2651 869 2694 G.
901 2651 1026 2695 Fabii
1061 2652 1273 2694 Luciliani
1312 2651 1508 2708 magistri
1538 2650 1582 2693 Π
1611 2650 1666 2707 (F
1696 2650 1804 2693 VIII
1827 2649 1919 2708 63),

171 2730 214 2772 L.
243 2730 481 2773 Mantennii
513 2729 662 2772 Sabini
692 2730 890 2787 magistri
919 2728 984 2772 HI
1009 2728 1063 2787 (F
1088 2728 1194 2771 VIH
1219 2726 1308 2786 65).
1365 2727 1487 2771 Sicut
1515 2729 1629 2771 inter
1657 2728 1812 2771 fratres
1837 2727 1918 2771 Ar-

291 2872 326 2916 1)
346 2870 419 2906 CIL
432 2870 518 2906 VIII
536 2874 664 2906 20152.
738 2871 773 2914 2)
793 2869 988 2914 Mercfflin,
1006 2869 1031 2904 1.
1046 2880 1076 2905 c.
1096 2881 1132 2914 p.
1148 2872 1210 2912 983
1236 2868 1671 2914 Marquardt-Wissowa,
1689 2868 1714 2903 1.
1729 2880 1759 2903 c.
1778 2880 1814 2914 p.
1829 2871 1917 2911 3993

170 2929 371 2974 Wissowa,
399 2929 422 2965 l.
444 2941 474 2964 c.
499 2941 536 2975 p.
557 2933 637 2964 424.
759 2931 795 2975 3)
819 2929 844 2964 1.
865 2940 895 2964 c.
919 2941 956 2974 p.
977 2933 1033 2964 91.
1151 2930 1188 2974 4)
1213 2928 1652 2973 Ματᾳαωᾱὺ-Ἦὶεεοπα,
1677 2927 1701 2962 l.
1723 2939 1752 2963 c.
1778 2939 1815 2973 p.
1834 2931 1915 2963 418.

173 2989 208 3033 5)
239 2988 313 3023 ClL
333 2988 383 3024 VI
403 2992 506 3024 2040.
539 2992 642 3024 2044.
777 2991 812 3034 6)
842 2988 1010 3032 Henzen,
1040 2987 1064 3022 1.
1086 2999 1116 3023 c.
1142 2999 1178 3032 p.
1198 2987 1249 3023 IV
1274 2988 1360 3023 adn.
1381 2990 1412 3022 6.
1548 2989 1582 3033 7)
1613 2987 1641 3021 F
1660 2986 1746 3022 vm
1764 2990 1916 3022 61—66.

172 3047 209 3096 8>
233 3046 326 3092 Eph.
347 3057 404 3093 ep.
424 3047 476 3082 IV
499 3059 536 3096 p.
557 3051 625 3084 482
641 3059 693 3095 sq.
793 3048 828 3093 9)
850 3047 879 3082 F
891 3047 979 3083 vm
991 3049 1142 3083 41—46.
