2046 3354
993 656 1028 704 Ι.

258 761 502 807 Sacerdotis
530 761 706 819 publica
730 761 925 804 Romana
953 761 1096 818 priore
1121 761 1375 804 auctoritate
1400 761 1694 819 dignitateque
1719 762 1886 805 amissis

139 840 238 886 inde
273 840 327 884 ab
365 842 502 884 aetate
534 837 822 883 Gracchorum
859 838 1006 896 potius
1043 839 1156 881 inter
1191 838 1375 882 honores
1413 838 1559 881 civiles
1591 853 1719 894 quam
1753 853 1886 882 sacer-

141 917 303 961 dotales
352 916 643 960 censebantur.
718 915 941 959 Flamonia
989 916 1159 971 quidem
1206 916 1387 971 maiora,
1435 930 1545 972 quae
1588 915 1675 958 fere
1717 915 1884 959 nullum

138 994 412 1052 privilegium
444 994 519 1037 sed
549 993 687 1036 multa
718 993 860 1036 officia
890 993 1196 1037 molestissima
1226 1007 1370 1036 secum
1402 992 1634 1047 ducebant,
1669 992 1886 1035 ambiebat

140 1085 277 1116 nemo.
338 1070 406 1115 Ita
442 1084 580 1127 neque
618 1070 826 1113 suffectus
863 1072 929 1113 est
960 1070 1115 1113 flamen
1147 1069 1285 1113 Dialis
1317 1084 1394 1126 per
1425 1070 1614 1126 quinque
1646 1074 1689 1111 et
1720 1074 1887 1126 septua-

140 1149 263 1208 ginta
292 1162 427 1192 annos
454 1146 526 1205 (ab
552 1162 588 1190 a.
613 1147 698 1191 667
722 1168 765 1182 -ι
787 1147 841 1189 87
870 1161 1005 1203 usque
1030 1147 1083 1190 ad
1109 1162 1143 1190 a
1173 1147 1257 1190 743
1278 1168 1322 1181 ==
1346 1145 1477 1204 11)¹),
1502 1161 1639 1202 neque
1671 1147 1887 1189 invenitur

138 1225 332 1271 sacerdos
363 1225 522 1269 fetialis
560 1224 658 1268 inde
689 1223 743 1267 ab
774 1239 887 1268 anno
919 1224 1006 1267 618
1027 1245 1070 1259 ==
1096 1224 1178 1267 138
1212 1224 1346 1279 usque
1380 1223 1433 1267 ad
1459 1238 1617 1267 annum
1646 1224 1730 1267 722
1751 1245 1794 1258 --=
1815 1224 1885 1267 32.

137 1303 360 1349 Praeterea
395 1303 547 1347 fratres
581 1300 761 1345 Arvales
798 1315 847 1344 ac
885 1301 1050 1345 sodales
1087 1300 1189 1344 Titii
1226 1315 1303 1344 nec
1342 1315 1429 1345 non
1468 1301 1661 1344 flamines
1698 1300 1885 1344 minores

138 1383 229 1425 tum
261 1381 432 1437 quidem
465 1380 671 1435 temporis
703 1393 878 1435 prorsus
911 1379 1108 1421 interisse
1139 1378 1350 1421 videntur.
1361 1376 1395 1434 ²)

256 1456 340 1509 Qui
375 1471 516 1501 rerum
555 1459 692 1499 status
731 1459 922 1499 mutatus
958 1459 1024 1499 est
1059 1455 1301 1513 principatu
1333 1455 1546 1498 instituto.
1606 1454 1719 1498 Nam
1752 1471 1803 1498 ex
1835 1471 1886 1498 eo

137 1538 330 1592 tempore
367 1549 452 1590 quo
490 1536 589 1590 post
620 1546 809 1589 pugnam
842 1531 1061 1576 Actiacam
1094 1532 1318 1590 Augustus
1350 1531 1511 1589 templa
1543 1533 1714 1575 refioere
1746 1539 1788 1576 et
1819 1548 1885 1576 res

138 1625 276 1657 sacras
318 1611 511 1669 publicas
554 1611 830 1667 privatasque
867 1610 1007 1653 denuo
1045 1610 1306 1653 constituere
1342 1608 1547 1666 coepit⁸),
1589 1610 1825 1654 sacerdotia
1862 1626 1887 1653 a

137 1688 241 1735 viris
278 1688 580 1732 illustrissimis
612 1687 922 1742 ambiebantur,
953 1690 1002 1730 ut
1032 1687 1134 1731 fasti
1166 1687 1329 1731 docent
1393 1686 1579 1744 Vigente
1609 1702 1686 1744 per
1718 1688 1886 1732 saecula

138 1765 222 1811 duo
252 1766 431 1823 antiqua
459 1765 680 1822 religione,
711 1765 823 1808 inter
848 1779 982 1809 annos
1012 1764 1066 1807 14
1091 1768 1134 1808 et
1163 1764 1247 1807 180
1272 1765 1317 1808 in
1342 1765 1549 1808 honorem
1577 1765 1884 1821 imperatorum

138 1842 332 1887 divorum
364 1841 588 1900 (Augusti,
621 1842 894 1898 Vespasiani,
931 1841 1158 1897 Hadriani,
1191 1842 1402 1886 Antonini
1435 1841 1521 1888 Pii)
1555 1842 1753 1885 instituta
1785 1846 1885 1885 sunt

136 1934 247 1964 nova
277 1920 467 1978 collegia,
499 1934 606 1976 quae
637 1919 725 1963 fere
756 1934 891 1975 aeque
921 1922 1050 1974 atque
1082 1923 1287 1975 quattuor
1310 1918 1494 1975 collegia
1519 1919 1785 1975 amplissima
1811 1935 1886 1976 per

136 1997 252 2043 viros
282 1997 492 2042 maximae
523 1998 568 2040 in
599 1995 820 2053 republica
849 1996 1075 2052 dignitatis
1106 1997 1321 2053 completa
1351 2000 1462 2040 sunt.
1470 1996 1506 2053 ⁴)

255 2073 468 2126 Quattuor
497 2074 764 2131 amplissima
794 2072 976 2131 collegia
1005 2098 1064 2105 —
1095 2073 1349 2130 pontificum
1382 2088 1593 2130 augurum
1623 2074 1884 2130 quindecim·

136 2150 327 2195 virorum
363 2152 719 2209 septemvirorum
750 2176 809 2182 —
840 2151 934 2208 ipso
972 2152 1140 2194 saeculo
1179 2154 1333 2207 quarto
1372 2154 1553 2194 exeunte
1587 2152 1802 2194 exstitisse
1833 2166 1884 2194 ex

138 2227 259 2272 fastis
295 2227 524 2287 colligitur.
587 2227 670 2272 Sed
708 2243 758 2272 eo
795 2231 989 2285 tempore
1026 2229 1110 2272 iam
1149 2228 1308 2271 desisse
1345 2242 1546 2286 magnam
1584 2228 1883 2271 auctoritatem

138 2303 475 2363 dignitatemque
498 2305 655 2350 habere
679 2321 731 2350 ex
762 2320 814 2349 eo
845 2306 1121 2349 manifestum
1154 2308 1232 2362 est,
1263 2305 1379 2362 quod
1410 2306 1537 2361 pauci
1568 2304 1766 2348 homines
1791 2320 1883 2361 per-

138 2381 274 2426 multa
302 2382 538 2427 sacerdotia
574 2383 723 2427 eodem
755 2386 949 2440 tempore
981 2382 1269 2439 occupabant,
1305 2397 1358 2425 ue
1397 2382 1590 2438 collegiis
1623 2383 1882 2426 vacuefactis

138 2458 315 2516 antiqua
343 2459 496 2519 religio
527 2460 612 2504 fide
644 2459 887 2504 Christiana
917 2475 1030 2504 nova
1059 2460 1392 2518 extingueretur.
1456 2459 1605 2515 Usque
1636 2459 1690 2502 ad
1722 2458 1885 2502 Gratia-

137 2549 242 2579 num
283 2535 561 2592 imperatores
603 2540 717 2581 certe
760 2551 908 2581 omnes
951 2540 1072 2581 erant
1115 2537 1342 2595 pontifices
1384 2537 1580 2592 maximi,
1623 2552 1883 2592 quamquam

140 2625 376 2669 cognomen
423 2614 700 2671 pontificatus
748 2615 834 2658 iam
882 2615 967 2658 fuit
1014 2617 1184 2658 tantum
1227 2613 1483 2657 vocabulum
1533 2614 1746 2658 honorum
1791 2614 1883 2657 sine

46 2686 47 2690 ’
139 2688 358 2745 gravitate.
424 2689 542 2736 Fasti
585 2706 756 2748 quoque
792 2692 1009 2749 virginum
1047 2691 1288 2735 Vestalium
1333 2706 1469 2748 usque
1508 2691 1561 2734 ad
1598 2706 1757 2734 annum
1796 2691 1883 2734 364

138 2764 406 2823 pertinent-¹³)
461 2766 545 2811 Sed
575 2769 726 2824 quinto
755 2770 925 2813 saeculo
957 2769 1131 2813 ineunte
1162 2783 1252 2812 esse
1284 2768 1503 2812 desierunt
1533 2768 1716 2825 collegia
1747 2783 1882 2811 sacer·

258 2894 293 2939 l)
317 2893 406 2931 Tac.
424 2905 510 2933 ann.
528 2895 648 2932 mss,
740 2899 776 2942 2)
801 2897 999 2941 Wissowa,
1023 2897 1199 2944 Religion
1224 2898 1302 2932 und
1327 2897 1419 2933 Kult
1444 2897 1511 2932 der
1529 2897 1665 2932 Rumor
1689 2908 1724 2942 p.
1741 2900 1786 2931 63
1801 2908 1880 2941 sqq.

136 2952 184 3056 ἓ
200 2951 400 3057 ἕὶοξὲἶη,
423 2953 448 2990 l.
469 2965 500 2990 c.
518 2966 555 3002 p.
577 2958 623 2991 ⁶⁶
647 2966 728 3002 sqq.
837 2958 874 3002 4)
899 2956 945 2993 cf.
971 2956 1076 2994 Fasti
1094 2956 1290 2992 VIII—XL
1397 2958 1433 3002 5)
1459 2956 1600 2992 Ultima
1626 2954 1699 2990 fuit
1724 2954 1883 2992 Claudia
