2046 3354
872 141 1139 183 -7-

131 266 167 295 a.
187 248 422 295 222—235
448 248 503 307 (F
520 247 667 292 XXIV
686 246 746 305 3),
775 247 970 292 Albanus
1000 247 1047 291 P.
1067 246 1218 291 Aelius
1245 247 1348 291 Tiro
1380 262 1413 292 c.
1433 263 1468 291 a
1492 248 1577 291 150
1603 248 1656 305 (F
1674 247 1797 291 XXV
1817 248 1878 306 3),

131 327 396 371 Tusculanus
427 326 484 370 M.
502 323 704 369 Aurelius
734 325 1010 381 Menophilus
1041 339 1076 368 c.
1094 340 1130 368 a.
1155 325 1238 367 198
1265 323 1330 382 (F.
1350 324 1494 368 XXVI
1515 324 1573 382 2).
1584 324 1617 382 ¹)

248 403 399 459 Itaque
432 403 479 446 in
508 402 754 446 universum
786 401 1035 457 sacerdotia,
1066 404 1270 458 quattuor
1299 402 1578 458 amplissimis
1609 402 1802 460 collegiis
1834 406 1877 445 et

130 480 370 538 virginibus
400 479 648 523 Vestalibus
684 482 728 522 et
764 478 883 522 saliis
913 478 1121 522 Palatinis
1153 479 1361 535 exceptis,
1397 482 1497 535 post
1527 482 1710 522 aetatem
1743 478 1876 522 Aure-

129 558 234 601 liani
269 557 475 614 paulatim
513 556 634 613 lapsa
670 570 762 599 esse
793 555 1004 599 videntur.
1065 555 1204 612 Magis
1236 557 1459 613 magisque
1491 557 1770 613 imperatores
1802 556 1875 599 alii

129 635 213 678 alia
248 649 361 678 nova
398 634 635 678 sacerdotia
670 633 968 688 instituerunt,
1005 633 1116 677 sicut
1146 632 1409 690 Elagabalus
1447 637 1491 678 et
1520 633 1797 688 Aurelianus,
1833 636 1877 677 et

129 711 266 768 magis
303 711 527 769 magisque
563 709 835 754 valescebaut
871 710 1012 753 cultus
1049 709 1256 767 Aegyptii
1293 714 1422 766 atque
1459 710 1641 754 Asiatici
1677 713 1721 753 et
1758 725 1875 766 prae-

128 789 252 846 cipue
294 789 399 832 fides
438 787 690 832 Christiana.
758 786 972 839 Quattuor
1013 787 1279 843 amplissima
1322 788 1523 845 collegia,
1565 788 1667 843 quia
1708 802 1876 844 semper

127 880 338 910 summam
364 866 617 923 dignitatem
642 864 895 920 habuerant,
924 863 1040 907 haud
1064 864 1262 907 mirabile
1286 867 1352 908 est
1376 866 1505 908 etiam
1532 868 1635 908 tunc
1660 865 1875 908 exstitisse

126 958 224 987 cum
256 945 397 987 cetera
427 943 512 986 iam
544 942 765 999 perissent.
826 940 886 985 Et
916 940 1089 997 quidem
1120 941 1351 1000 collegium
1383 942 1599 999 virgiuum
1633 941 1873 985 Vestalium

126 1020 374 1064 remanebat
404 1022 453 1063 ut
483 1034 582 1077 pars
613 1018 786 1076 collegii
816 1018 1091 1075 pontificum3
1121 1020 1165 1062 et
1196 1018 1426 1076 collegium
1459 1019 1676 1074 saliorum,
1707 1019 1761 1062 ab
1788 1034 1875 1062 om-

125 1097 254 1141 nibus
284 1098 436 1141 ceteris
461 1097 655 1154 collegiis
680 1096 909 1151 diversum,
938 1096 1119 1139 fortasse
1144 1110 1195 1140 eo
1221 1099 1390 1140 tantum
1417 1111 1461 1140 se
1486 1097 1695 1140 sustinere
1723 1097 1876 1153 potuit,

127 1175 241 1231 quod
278 1189 390 1218 unus
427 1177 518 1218 erat
554 1189 606 1217 ex
638 1173 908 1231 paucissimis
939 1172 1177 1216 honoribus
1208 1174 1400 1230 patriciis
1431 1174 1656 1217 reservatis
1688 1188 1738 1216 eo
1770 1177 1874 1217 tem-

19 1289 31 1302 „
125 1265 248 1310 pore,
277 1252 322 1295 in
354 1266 462 1308 quos
491 1251 690 1295 homiues
719 1250 877 1308 plebeii
907 1264 996 1294 non
1026 1250 1366 1294 admitterentur.

247 1406 281 1450 1)
325 1403 438 1440 Cuius
482 1403 619 1440 aetatis
662 1403 803 1439 fuerint
846 1403 1058 1440 sacerdotes
1096 1403 1278 1439 Lanuvini
1316 1403 1359 1449 <F
1385 1403 1536 1446 XXVII)
1580 1405 1619 1438 et
1661 1403 1875 1440 sacerdotes

47 1494 49 1499 .
126 1462 313 1501 Cabenses
339 1463 381 1510 (F
400 1462 569 1509 XXVIII)
594 1464 631 1499 et
657 1462 869 1499 sacerdotes
895 1462 1087 1500 Suciniani
1112 1463 1155 1508 (F
1175 1462 1307 1509 XXIX)
1332 1463 1467 1498 nescio.
