2046 3354
1062 818 1139 867 VI.

346 929 494 986 Usque
530 930 583 973 ad
614 930 893 973 Aurelianum
934 945 1043 973 unus
1082 931 1266 973 occurrit
1299 929 1343 972 C.
1369 927 1572 973 Octavius
1604 927 1788 972 Sabinus
1825 927 1975 972 consul

228 1023 263 1050 a.
289 1007 376 1049 214
414 1008 488 1062 qui
526 1008 720 1051 sacerdos
758 1008 842 1050 fuit
880 1008 1008 1050 simul
1047 1008 1091 1049 in
1129 1006 1296 1049 duobus
1334 1006 1528 1064 collegiis
1566 1020 1615 1049 ex
1655 1009 1860 1061 quattuor
1890 1020 1977 1048 nm·

226 1083 431 1140 plissimis
463 1109 517 1115 —
551 1085 805 1140 pontificum
856 1088 898 1126 et
947 1098 1169 1141 augurum.
1251 1083 1334 1126 Sed
1383 1087 1483 1139 post
1525 1082 1747 1125 Aureliani
1789 1085 1973 1125 aetatem

227 1162 422 1216 exempla
455 1160 609 1204 horum
642 1161 975 1204 sacerdotiorum
1007 1162 1052 1203 in
1083 1160 1230 1203 eodem
1263 1160 1437 1203 homine
1469 1160 1794 1203 coniunctorum
1827 1158 1976 1203 crebro

227 1241 466 1281 occurrunt.
528 1237 596 1280 Ita
626 1239 801 1281 fuerunt

227 1333 422 1388 pontifex
453 1336 496 1376 et
527 1347 680 1391 augur:

346 1415 498 1459 Rufius
532 1415 731 1459 Ceionius
763 1416 957 1472 pontifex
989 1431 1024 1458 a.
1052 1415 1136 1458 377
1170 1415 1223 1473 (F
1249 1415 1415 1472 1101),

345 1493 392 1535 L.
418 1492 639 1551 Ragonius
671 1492 890 1536 Venustus
922 1493 1117 1549 pontifex
1149 1508 1185 1536 a.
1211 1492 1299 1535 390
1330 1491 1384 1550 (F
1409 1490 1429 1534 Ι
1453 1491 1576 1549 106);

228 1576 423 1631 pontifex
456 1578 499 1618 et
531 1575 860 1630 quindecimvir:

347 1659 543 1702 Bruttius
574 1658 780 1702 Praesens
813 1674 896 1703 cos.
929 1675 964 1704 c.
996 1676 1031 1703 a.
1058 1661 1141 1703 311
1178 1659 1231 1717 (F
1256 1658 1393 1716 188),

347 1770 356 1779 .
377 1770 384 1779 .
407 1771 415 1779 .
441 1735 688 1780 Antoninus
719 1738 915 1793 pontifex
948 1753 983 1780 a.
1010 1737 1097 1780 350
1129 1737 1182 1794 (F
1207 1736 1229 1780 I
1248 1736 1344 1794 92),
1754 1759 1758 1763 -

346 1813 575 1856 Memmius
607 1813 821 1857 Vitrasius
853 1814 1014 1857 Orfitus
1044 1815 1286 1871 praefectus
1317 1813 1414 1856 urbi
1445 1827 1481 1855 a.
1504 1811 1740 1855 356—359
1767 1811 1820 1867 (F
1845 1810 1978 1868 193),

346 1890 392 1933 L.
419 1890 622 1934 Aurelius
655 1890 939 1947 Symmachus
971 1905 1054 1934 cos.
1087 1891 1180 1934 suff.
1212 1906 1248 1933 a.
1274 1890 1361 1933 376
1394 1889 1447 1947 (F
1473 1888 1494 1931 I
1513 1888 1610 1946 97),

346 1967 575 2011 Petronius
606 1967 896 2024 Apollodorus
926 1969 1122 2024 pontifex
1153 1983 1188 2011 a.
1215 1967 1303 2010 370
1334 1966 1388 2024 (F
1414 1965 1550 2023 199)3

226 2051 423 2106 pontifex
453 2054 497 2094 et
527 2066 665 2108 augur
695 2054 738 2094 et
770 2052 1098 2107 quindecimvir:

346 2133 403 2176 M.
428 2133 618 2178 Maecius
649 2134 879 2177 Memmius
911 2148 995 2177 cos.
1028 2135 1115 2178 ord.
1148 2150 1183 2177 a.
1210 2134 1297 2176 343
1329 2133 1383 2191 (F
1408 2132 1429 2175 I
1448 2132 1545 2190 90),

345 2211 392 2255 L.
418 2210 604 2255 Aradius
635 2211 843 2255 Proculus
875 2226 960 2254 cos.
992 2227 1028 2254 a.
1054 2211 1142 2254 340
1173 2210 1227 2268 (F
1251 2210 1272 2253 I
1293 2210 1390 2268 89),

347 2289 519 2332 Vettius
550 2288 738 2347 Agorius
763 2289 1061 2332 Praetextatus
1086 2289 1327 2344 praefectus
1352 2286 1567 2343 praetorio
1593 2302 1628 2329 a.
1649 2286 1737 2329 384
1763 2286 1817 2344 (F
1841 2285 1863 2329 I
1881 2285 1977 2343 94);

226 2373 423 2428 pontifex
455 2375 498 2415 et
529 2373 843 2428 quindecimvir
872 2376 916 2416 et
945 2372 1194 2428 septemvir:

346 2454 544 2499 Alfenius
577 2456 776 2499 Ceionius
807 2456 1042 2499 Kamenius
1072 2458 1268 2498 mortuus
1299 2469 1335 2496 a.
1361 2453 1448 2497 385
1480 2453 1533 2511 (F
1558 2453 1579 2496 Ι
1598 2452 1695 2511 96),

347 2533 395 2584 Q.
422 2532 597 2576 Clodius
628 2533 858 2576 Flavianus
888 2533 1083 2589 pontifex
1113 2548 1149 2575 a.
1176 2531 1263 2575 383
1296 2530 1349 2589 (F
1373 2531 1395 2574 I
1417 2530 1537 2588 105);

227 2631 365 2674 augur
396 2619 439 2659 et
470 2617 798 2672 quindecimvir:

346 2699 392 2742 Τ.
419 2699 593 2742 Flavius
625 2699 767 2743 Varus
797 2699 1038 2756 praefectus
1067 2699 1166 2741 urbi
1197 2714 1231 2740 a.
1259 2698 1342 2740 271
1378 2695 1431 2754 (F
1457 2696 1498 2739 V
1518 2695 1608 2753 66).

227 2794 448 2837 Fabricius
479 2794 662 2837 Veiento
694 2793 748 2850 (F
773 2794 836 2837 VI
854 2792 932 2851 44)
964 2795 1116 2838 consul
1146 2793 1228 2836 sub
1258 2793 1509 2835 Domitiano
1541 2791 1699 2835 sodalis
1723 2790 1978 2847 Augustalis

228 2872 386 2915 sodalis
411 2871 614 2914 Flavia-lis
644 2871 816 2914 videtur
844 2872 1008 2927 primus
1040 2871 1170 2913 homo
1195 2871 1389 2926 privatus
1414 2869 1560 2925 fuisse,
1591 2870 1666 2925 qui
1691 2870 1820 2911 simul
1844 2882 1977 2911 sacer-

228 2949 304 2992 dos
341 2949 472 2991 fuerit
508 2949 554 2991 in
590 2948 758 2991 duobus
796 2948 989 3006 collegiis
1027 2948 1223 2990 divorum
1261 2948 1588 3002 imperatorum,
1625 2946 1668 2988 id
1699 2945 1815 3000 quod
1845 2945 1976 2987 etiam

228 3029 379 3080 postea
409 3040 506 3068 raro
538 3041 619 3068 usu
650 3026 778 3068 venit.
840 3024 1016 3068 Praeter
1044 3024 1290 3067 Fabricium
1320 3023 1495 3066 fuerunt
