2046 3354
929 133 1220 175 „12-

201 240 341 283 verbis
379 239 515 282 Taciti
553 238 651 282 hist.
682 238 702 282 1
731 238 803 282 77:
840 240 912 282 sed
953 237 1054 282 ocho
1089 239 1354 294 pontificatus
1389 242 1696 295 amatusque
1731 241 1943 286 honorum

202 318 289 359 iam
333 316 497 359 senibus
536 315 743 359 cumulum
784 315 1001 371 diynitatis
1035 316 1218 371 addidit,
1256 319 1293 358 et
1337 329 1473 366 reeens
1510 316 1564 360 ab
1602 316 1727 361 exilio
1765 331 1943 364 reversos

201 393 353 436 nobiles
383 391 701 436 adulescentulos
732 393 857 435 avitis
887 405 937 435 ac
958 393 1151 447 paternis
1179 394 1419 438 sacerdotiis
1447 394 1495 437 in
1525 393 1723 438 solacium
1755 395 1942 448 recolam

201 485 253 512 ex
290 470 429 512 verbis
462 469 644 525 denique
675 468 828 512 Dionis
859 468 960 513 LIII
988 469 1062 512 17:
1099 471 1146 513 ἔκ
1177 485 1222 513 τε
1254 475 1334 513 τοῦ
1366 469 1415 513 ἐν
1443 471 1605 522 πάσαις
1635 477 1729 523 ταῖς
1761 472 1941 527 ἱερωσύ-

200 563 298 597 ναις
330 547 559 602 [ερῶσθαι,
590 547 660 590 καὶ
691 546 872 602 προσέτι
904 546 976 590 καὶ
1002 553 1093 598 τοῖς
1118 547 1270 598 ἄλλοις
1294 548 1370 598 τὰς
1394 548 1573 599 πλείους
1597 555 1727 604 σφῶν
1750 549 1943 605 διδόναι,

200 622 401 678 ἀρχιέρεά
432 622 480 666 τέ
508 639 607 668 τινα
638 624 786 667 αὐτῶν
816 622 900 667 κᾶν
931 624 1038 678 δύω,
1069 621 1142 667 καὶ
1173 630 1291 680 τρεῖς
1321 624 1410 680 ἅμα
1435 624 1644 681 ἄρχωσιν,
1674 621 1803 680 εἶναι,
1831 626 1942 671 πάν-

200 716 289 742 των
332 698 457 743 αὐτοὶ
500 699 571 743 καὶ
610 708 699 744 τῶν
737 700 873 744 ὁσίων
909 699 982 744 καὶ
1019 707 1110 744 τῶν
1148 701 1280 757 ἱερῶν
1315 701 1614 757 κυριεύουσιν.
1681 700 1747 745 Ex
1785 702 1943 759 quibus

199 776 339 820 verbis
371 777 590 835 colligitur
627 777 670 820 id
708 791 878 833 quoque
915 791 1001 820 non
1039 791 1210 821 necesse
1248 778 1397 833 fuisse,
1435 792 1582 822 omnes
1619 778 1859 823 sacerdotes
1890 794 1943 824 ex

200 853 567 898 commendatione
599 854 869 911 imperatoris
894 854 1008 912 eligi.
1067 854 1185 906 Quae
1210 854 1422 899 sententia
1446 855 1725 900 confirmatur
1748 857 1943 913 epistulis

199 931 341 987 Plinii,
373 932 529 987 quibus
560 935 706 975 narrat
736 947 780 976 se
811 946 903 976 esse
935 935 1134 975 conatum
1164 932 1447 976 sacerdotium
1474 932 1667 977 obtinere
1692 933 1941 991 priusquam

197 1009 338 1064 ipsum
382 1010 684 1066 imperatorem
728 1010 936 1066 petitione
978 1009 1103 1065 adiit,
1146 1024 1210 1065 ep.
1236 1008 1278 1052 11
1308 1010 1349 1052 1:
1393 1009 1465 1053 illo
1501 1010 1567 1052 die
1602 1024 1681 1065 quo
1717 1012 1941 1056 sacerdotes

197 1086 327 1129 solent
356 1086 590 1141 nominare,
627 1099 727 1141 quos
757 1087 903 1140 diones
933 1087 1156 1130 sacerdotio
1187 1086 1390 1142 iudicant,
1421 1100 1484 1130 me
1513 1099 1671 1142 semper
1701 1087 1944 1133 nominabat

198 1162 449 1220 (Verginius
475 1161 653 1220 Rufus)3
685 1166 728 1206 et
753 1178 817 1219 ep.
837 1162 899 1206 IV
926 1163 970 1206 8:
996 1162 1153 1221 (Iulius
1178 1162 1431 1221 Frontinus)
1457 1165 1531 1219 qui
1554 1178 1618 1208 me
1642 1165 1944 1210 nominationis

197 1241 264 1283 die
287 1254 366 1295 per
395 1240 468 1284 hos
498 1241 711 1283 continuos
741 1254 875 1283 annos
904 1241 1012 1283 inter
1040 1233 1266 1284 sacerdotes
1297 1239 1518 1299 (augures)
1549 1242 1801 1285 nominabat.

315 1322 365 1366 In
397 1322 708 1379 sodalitatibus,
740 1337 923 1379 quorum
956 1323 1194 1367 sacerdotes
1225 1338 1313 1367 non
1344 1338 1369 1366 a
1400 1327 1550 1368 senatu
1575 1324 1845 1382 eligebantur
1868 1322 1943 1369 sed

196 1402 309 1444 intra
339 1401 521 1458 collegia
552 1401 646 1456 ipsa
678 1400 1002 1457 cooptabantur‚
1036 1401 1102 1444 ius
1134 1400 1374 1444 sacerdotes
1405 1401 1655 1446 nominandi
1685 1404 1735 1446 ut
1765 1402 1943 1462 collegis

197 1478 397 1521 omnibus
428 1477 513 1521 fuit
537 1478 665 1521 etiam
691 1477 1033 1534 imperatoribus.
1090 1477 1347 1533 Saepissime
1373 1478 1484 1521 enim
1513 1478 1791 1523 inveniuntur
1813 1478 1944 1524 verba

197 1570 245 1598 ex
276 1555 423 1598 litteris
453 1556 734 1612 imperatoris,
772 1569 821 1598 ex
853 1555 1001 1598 tabella
1033 1555 1294 1610 imperatoris
1325 1555 1376 1598 de
1408 1555 1656 1599 hominibus
1687 1556 1867 1613 privah‘s
1897 1557 1943 1600 in

195 1633 319 1676 fastis
357 1632 626 1676 sacerdotum
665 1631 1019 1689 cooptatorum.¹)
1081 1631 1175 1683 Quo
1210 1631 1338 1675 modo
1370 1632 1650 1689 imperatores
1680 1634 1726 1677 in
1757 1634 1942 1692 collegio

194 1710 375 1753 fratrum
431 1708 655 1752 Arvalium
711 1709 795 1752 hoc
850 1710 942 1752 iure
997 1709 1306 1752 nominationis
1356 1711 1422 1753 usi
1471 1710 1576 1766 sint,
1625 1711 1781 1755 docent
1835 1711 1941 1755 haec

197 1787 328 1830 verba
364 1789 558 1829 actorum
595 1786 696 1829 anm'
738 1786 842 1829 120:
884 1787 1025 1829 habita
1061 1786 1250 1830 sollemni
1283 1788 1516 1842 precatione
1549 1802 1625 1843 per
1662 1787 1707 1831 C.
1736 1788 1942 1833 Vitorium

196 1863 422 1907 Hosidium
463 1863 613 1907 Getam
648 1863 936 1919 ma9(istrum)
969 1864 1017 1906 in
1053 1864 1183 1907 locum
1224 1863 1268 1918 Q.
1294 1863 1405 1907 Biiti
1436 1863 1609 1908 Proculi
1650 1865 1695 1920 Q.
1722 1865 1942 1908 Manlium

197 1940 425 1984 Carbonem
474 1955 525 1984 ex
566 1941 713 1984 litteris
759 1941 858 1995 imp.
897 1940 1093 1983 Caesaris
1136 1974 1144 1982 .
1171 1974 1179 1982 .
1207 1974 1214 1982 .
1258 1940 1482 1984 Hadriani
1520 1943 1696 1996 fratrem
1739 1942 1941 1985 Arvalem

195 2021 481 2072 cooptaverunt
497 2021 536 2061 et
552 2018 611 2061 ad
631 2031 755 2062 saera
779 2021 1022 2060 vocaverunt
1029 2032 1043 2068 ;
1069 2017 1205 2065 ihioue
1230 2017 1399 2061 tabellae
1422 2022 1588 2074 apertae
1611 2020 1728 2074 siquo
1753 2020 1943 2074 Simmiae

194 2096 304 2150 quod
339 2095 534 2150 exprimit
569 2098 693 2150 eaput
726 2094 966 2150 Amat-sti),
1002 2095 1050 2136 in
1086 2094 1233 2148 quibus
1268 2095 1467 2150 scriplum
1499 2097 1606 2150 fuit:
1643 2096 1743 2151 imp.
1784 2095 1943 2140 Caesar

199 2172 412 2216 Traianus
441 2171 698 2216 Hadrianus
727 2171 836 2226 Auq.
865 2172 1070 2226 fratribus
1106 2171 1334 2216 Arvalaebus
1369 2172 1530 2227 colleqis
1564 2173 1654 2216 suis
1676 2173 1862 2216 salutem.
1894 2174 1942 2217 in

195 2249 327 2292 locum
356 2249 401 2303 Q.
426 2249 537 2292 Biui
562 2249 734 2292 Proculi
762 2249 955 2304 oolleyam
985 2249 1102 2292 nobis
1132 2263 1224 2292 mea
1254 2250 1456 2292 sententia
1481 2253 1619 2304 coopto
1644 2249 1696 2292 Ρ.
1722 2250 1942 2294 Manlium

196 2324 435 2369 Carbonem.
444 2324 479 2383 ²)
565 2324 648 2368 Sed
701 2325 874 2370 licuisse
929 2327 1169 2370 sacerdotes
1223 2326 1379 2368 horum
1434 2327 1715 2384 collegiorum
1770 2341 1941 2383 quoque

195 2402 388 2458 cooptari
443 2403 534 2446 sine
589 2403 858 2459 imperatoris
913 2403 1230 2459 nominatione,
1296 2403 1403 2446 mihi
1458 2402 1628 2446 videtur
1681 2418 1734 2446 ex
1787 2417 1839 2447 eo
1893 2403 1941 2447 in

194 2482 343 2536 aperto
392 2495 504 2536 esse,
559 2480 673 2535 quod
723 2495 772 2542 ea
819 2480 949 2523 verba
997 2478 1066 2537 (αι’
1113 2480 1260 2524 litteris
1306 2478 1589 2537 imperawris)
1638 2481 1768 2523 etiam
1812 2494 1939 2537 saepe

195 2556 358 2599 desunt.
368 2554 402 2613 3)

313 2638 453 2696 Reges
479 2653 695 2682 sacrorum
721 2642 865 2682 autem
889 2643 1019 2695 atque
1043 2639 1237 2683 flamines
1262 2641 1444 2682 maiores
1469 2642 1513 2682 et
1536 2640 1724 2697 virgines
1743 2639 1939 2684 Vestales

194 2731 332 2772 neque
369 2716 415 2759 in
449 2718 599 2759 senatu
630 2716 899 2773 eligebantur
928 2732 1067 2772 neque
1097 2717 1212 2759 intra
1242 2715 1423 2773 collegia
1454 2717 1780 2773 cooptabantur,
1810 2717 1885 2759 sed
1914 2731 1940 2761 e

193 2807 371 2835 numero
403 2793 745 2849 candidatorum,
776 2808 883 2849 quos
914 2793 1141 2849 pontifices
1170 2794 1486 2849 proponebant,
1517 2795 1571 2837 ab
1603 2795 1859 2850 imperatore
1889 2796 1941 2837 ut

314 2964 349 3009 1)
374 2962 459 2999 CIL.
486 2962 537 2997 VI
569 2966 679 3007 2001,
706 2967 738 2998 3.
771 2966 883 3008 2004,
910 2967 964 2999 14.
997 2967 1107 3009 2028,
1133 2967 1189 2999 33.
1224 2967 1328 3009 2056,
1355 2967 1400 2999 23
1426 2963 1473 3002 al.
1597 2965 1633 3010 2)
1659 2962 1734 3000 CIL
1758 2962 1810 3001 VI
1831 2966 1936 3009 2080,

195 3025 239 3060 22
253 3032 334 3070 sqq.
437 3024 473 3069 3)
497 3021 662 3069 Henzeu,
685 3021 709 3058 L
737 3033 766 3057 c.
791 3033 828 3070 p.
851 3025 929 3060 154.
1331 3039 1334 3041 ·
