2046 3354
982 740 1065 789 ΠΙ.

269 849 360 893 Iam
403 849 528 892 venio
571 847 626 891 ad
669 847 963 904 quaestionem
1009 860 1095 902 quo
1143 844 1271 888 modo
1315 844 1513 888 homines
1558 844 1715 899 privati
1759 845 1899 886 aetate

150 928 459 985 imperatorum
491 924 732 968 sacerdotes
762 923 867 967 facti
899 923 997 966 sint.

268 1002 553 1061 Temporibus
582 1002 743 1045 liberae
774 1000 1038 1057 reipublicae
1069 999 1311 1043 sacerdotes
1336 999 1700 1056 amplissimorum
1728 997 1900 1054 collegi-

151 1097 274 1126 orum
306 1080 621 1138 cooptabantur
650 1078 763 1123 intra
793 1077 975 1135 collegia
1006 1076 1119 1134 ipsa,
1153 1077 1305 1120 deinde
1335 1079 1479 1119 autem
1513 1076 1557 1119 in
1588 1075 1777 1118 comitiis
1809 1089 1900 1130 sep-

150 1158 363 1203 tendecim
389 1157 580 1201 tribuum
606 1158 722 1199 sorte
747 1155 1055 1199 destinatarum
1081 1155 1363 1211 eligebantur,
1388 1154 1571 1210 denique
1596 1155 1697 1209 post
1717 1154 1900 1195 aetatem

150 1235 340 1294 Augusti
382 1235 482 1278 inde
523 1234 577 1278 ab
621 1247 732 1277 anno
773 1232 829 1275 14
872 1233 917 1276 in
960 1232 1166 1289 senatu.¹)
1234 1231 1359 1284 Quod
1402 1231 1720 1274 demonstratur
1762 1228 1903 1272 verbis

151 1313 290 1358 Taciti
321 1327 418 1356 ann.
437 1310 502 1355 III
525 1311 598 1355 19:
625 1311 775 1367 paucis
797 1313 894 1365 post
922 1310 1064 1354 diebus
1091 1309 1247 1354 Caesar
1278 1312 1421 1352 auctor
1444 1309 1607 1351 senatui
1628 1308 1716 1362 fuit
1741 1306 1903 1349 Vitellio

151 1394 272 1447 atquc
298 1390 477 1434 Veranio
507 1392 544 1432 et
573 1387 747 1432 Servaeo
776 1388 1005 1432 sacerdotia
1036 1387 1252 1430 tribuendi.
1303 1384 1562 1428 Sodalitates
1594 1388 1737 1427 autem
1770 1398 1903 1425 sacer-

152 1467 273 1512 dotes
304 1481 472 1523 semper
503 1466 615 1510 intra
646 1465 875 1523 collegium
907 1464 1187 1521 coeptabant3
1229 1478 1328 1507 nam
1360 1463 1490 1506 verba
1522 1462 1566 1505 in
1598 1475 1747 1504 eorum
1780 1460 1904 1503 fastis

153 1545 419 1589 occurrentia
449 1558 499 1587 m:
527 1546 695 1587 senatus
721 1542 901 1586 consulto
926 1542 1144 1598 pertinent
1167 1544 1336 1585 tantum
1363 1540 1417 1582 ad
1437 1540 1659 1596 Augustos
1685 1537 1905 1580 Caesares-

153 1636 254 1680 que,
296 1621 349 1664 de
391 1621 641 1665 hominibus
683 1619 863 1678 privatis
905 1634 993 1663 non
1036 1619 1304 1662 adhibentur.
1376 1616 1460 1660 Sed
1502 1616 1773 1673 aliquatenus
1817 1629 1904 1658 non

153 1700 294 1743 solum
325 1698 477 1742 electio
509 1697 554 1742 in
586 1700 736 1742 senatu
769 1696 841 1740 sed
873 1696 1002 1740 etiam
1032 1696 1251 1752 cooptatio
1277 1695 1322 1739 in
1347 1693 1649 1738 sodalitatibus
1675 1692 1906 1736 finiebatur

154 1777 246 1820 iure
275 1776 548 1833 imperatoris
578 1775 716 1819 libero
746 1773 927 1817 arbitrio
959 1773 1200 1817 sacerdotes
1231 1772 1428 1816 faciendi.

278 1851 334 1897 Ut
370 1853 558 1910 primum
597 1853 648 1895 de
685 1851 893 1895 electione
929 1851 975 1895 in
1010 1854 1162 1894 senatu
1200 1850 1358 1905 dicam,
1395 1864 1420 1892 a
1454 1847 1749 1892 sacerdotibus
1780 1847 1906 1890 colle-

155 1930 324 1990 giorum
362 1930 528 1974 senatui
565 1929 919 1987 proponebantur
955 1927 1171 1972 candidati
1209 1943 1232 1970 e
1269 1927 1427 1984 quibus
1465 1928 1638 1969 senatus
1673 1922 1905 1982 eligeret')

155 2007 367 2061 Quoniam
404 2008 639 2064 imperator
670 2020 838 2064 semper
869 2005 1065 2049 sacerdos
1097 2005 1379 2063 collegiorum
1411 2007 1520 2059 erat,
1557 2018 1684 2060 quem
1722 2002 1795 2046 hic
1827 2016 1906 2044 suo

154 2085 382 2144 privilegio
402 2084 643 2130 sacerdotes
668 2082 996 2128 commendandi
1013 2097 1117 2126 usus
1136 2082 1322 2138 volebat,
1346 2097 1444 2126 enm
1471 2084 1645 2125 senatus
1670 2077 1906 2137 eligebat.³)

155 2161 291 2214 Quem
328 2162 383 2206 ad
419 2162 596 2206 modum
634 2160 678 2204 id
715 2161 783 2204 ius
819 2159 1062 2204 sacerdotes
1099 2159 1427 2204 commendandi
1462 2158 1516 2202 ab
1548 2158 1807 2215 imperatore
1839 2155 1906 2198 de·

156 2239 334 2284 ductum
376 2240 435 2284 sit
475 2254 528 2283 ex
570 2238 639 2282 his
682 2237 825 2281 verbis
865 2238 1021 2281 elucet:
1059 2238 1330 2293 pontificatus
1365 2240 1404 2279 et
1438 2235 1836 2291 quindecimvirum
1871 2237 1909 2275 et

157 2321 387 2373 muratus
417 2315 673 2360 codicillares
699 2315 815 2370 fecit,
851 2318 899 2358 ut
934 2316 981 2358 in
1011 2318 1158 2358 senam
1187 2310 1528 2370 alleyarentur⁴);
1565 2315 1609 2356 et
1638 2326 1692 2355 ex
1722 2310 1909 2367 epistula

156 2393 287 2438 Plinii
323 2394 378 2438 ad
408 2393 575 2437 Traian.
609 2393 683 2436 13:
720 2406 812 2436 cum
848 2392 998 2447 sciam,
1041 2393 1224 2447 domine,
1260 2393 1319 2434 ad
1354 2390 1630 2435 testimonium
1667 2388 1910 2441 laudemque

157 2485 320 2516 mom
365 2485 548 2515 meorum
582 2470 790 2526 pertinere
832 2472 919 2513 tam
961 2469 1058 2513 boni
1091 2469 1304 2524 principis
1346 2468 1500 2511 iudicio
1542 2466 1758 2520 mmari,
1800 2478 1908 2518 royo,

158 2548 372 2604 diynitati,
418 2549 477 2591 ad
513 2561 640 2603 quam
686 2561 750 2591 me
782 2548 975 2602 provexit
1020 2546 1279 2602 indulqentia
1323 2549 1413 2601 ma,
1455 2544 1516 2588 vel
1555 2546 1808 2599 auyuratum
1848 2541 1910 2584 vel

159 2625 501 2680 septemviratum,
530 2625 632 2680 quia
662 2628 824 2680 vacant,
854 2625 1016 2668 adicere
1039 2624 1247 2679 differi&
1277 2638 1341 2680 ep.
1366 2621 1443 2678 IV,
1463 2622 1508 2665 8:
1536 2621 1768 2677 yraudaris
1792 2619 1910 2672 mihi,

160 2702 270 2757 quod
310 2702 531 2757 aooepciim
574 2704 849 2756 myuratum;
891 2702 981 2744 iure
1019 2702 1269 2756 qratiam-is,
1298 2701 1490 2757 primum
1525 2700 1635 2754 quod
1667 2696 1911 2753 mam‘ssimi

159 2777 363 2834 principis
399 2779 603 2823 iudicium
632 2779 681 2822 in
710 2778 941 2823 minoribus
970 2779 1096 2823 eiiam
1125 2779 1246 2822 rebus
1275 2778 1467 2833 consequi
1491 2777 1712 2832 pulchrum
1741 2778 1821 2826 est;
1858 2788 1911 2816 ex

282 2931 318 2975 1)
340 2929 535 2974 Mercklin,
554 2929 780 2976 Cooptation
799 2930 835 2966 d.
854 2931 992 2966 Rbmer
1010 2943 1046 2977 p.
1069 2934 1134 2967 1³1
1151 2942 1223 2976 sq.;
1249 2930 1468 2973 Mommsen,
1494 2928 1650 2964 Staatsr.
1670 2927 1704 2962 11
1722 2939 1757 2973 p.
1779 2931 1825 2962 24
1839 2938 1911 2971 sq.;

163 2987 364 3031 Wissows„
406 2987 430 3024 1.
457 2999 488 3024 c.
524 3000 561 3035 p.
587 2993 677 3034 4183
720 2989 888 3034 Henzen,
926 2990 1011 3026 Arv.
1043 3002 1078 3036 p.
1107 2993 1164 3025 67.
1291 2991 1327 3034 2)
1365 2989 1588 3032 Mommsen,
1626 2987 1650 3022 1.
1677 2998 1707 3022 c.
1744 2998 1781 3032 p.
1808 2989 1910 3021 1109.

164 3048 200 3094 3)
224 3046 380 3093 Bessan,
405 3046 488 3094 eph.
509 3058 566 3096 ep.
586 3047 637 3083 m
661 3060 698 3096 p.
719 3052 799 3086 208.
875 3051 912 3095 4)
935 3048 1000 3086 vit.
1021 3048 1127 3085 Alex.
1145 3052 1204 3093 49,
1230 3053 1269 3092 2ς
1294 3047 1492 3092 witnowa,
1517 3046 1541 3082 1.
1562 3058 1592 3082 c.
1618 3058 1654 3094 p.
1674 3048 1745 3082 419
1771 3044 1857 3082 adn.
1878 3048 1910 3081 5.
