2046 3354
1028 751 1086 800 Π.

306 858 517 902 Senatorii
543 858 704 901 ordinis
729 858 903 901 fuerunt
922 871 1070 900 omnes
1090 856 1328 900 sacerdotes
1347 859 1551 912 quattuor
1568 855 1931 913 amplissimorum

187 935 484 993 collegiorum,
522 935 797 979 sodalitatum
832 934 1028 978 divorum
1060 934 1367 990 imperatorum
1399 933 1665 989 fratrumque
1696 931 1932 988 Arvalium,

188 1013 467 1070 collegiorum
504 1012 716 1056 fetialium
748 1015 791 1055 et
822 1012 1044 1067 saliorum,
1081 1011 1183 1055 item
1216 1011 1410 1054 flamines
1441 1010 1624 1054 maiores
1654 1009 1932 1067 flaminesque

188 1091 402 1145 divorum,
443 1104 565 1148 reges
608 1103 823 1133 sacrorum
862 1092 906 1132 et
941 1089 1128 1147 virgines
1166 1087 1372 1131 Vestales.
1383 1086 1416 1145 ¹)
1484 1086 1751 1143 Quamquam
1788 1086 1933 1131 omnia

188 1170 328 1211 cetera
371 1165 552 1224 collegia
596 1167 811 1224 assignata
848 1168 948 1209 sunt
984 1166 1038 1208 ab
1070 1163 1268 1223 Augusto
1307 1165 1492 1221 equestri
1530 1164 1668 1207 ordini
1678 1162 1731 1221 ³),
1773 1162 1933 1207 inveni-

187 1247 317 1288 untur
367 1245 479 1287 inter
527 1245 723 1300 lupercos
769 1245 812 1285 et
862 1242 1094 1285 Laurentes
1138 1242 1363 1286 Lavinates
1406 1246 1449 1285 et
1492 1242 1687 1286 curiones
1737 1240 1933 1284 homines

188 1322 390 1365 senatorii
434 1335 604 1376 quoque
649 1320 820 1363 ordinis.
889 1318 960 1362 Sic
1002 1319 1178 1362 fuerunt
1220 1320 1415 1363 curiones
1455 1318 1502 1362 Τ.
1535 1317 1731 1362 Statilius
1767 1316 1934 1361 Taurus

187 1413 271 1443 cos.
303 1414 338 1441 a.
367 1398 451 1441 728
479 1419 522 1432 --
549 1398 606 1440 26
638 1396 692 1454 (F
716 1396 797 1439 XX
829 1394 889 1452 1),
938 1395 982 1439 C.
1022 1395 1232 1439 Calvisius
1282 1394 1466 1440 Sabinus
1515 1410 1599 1439 cos.
1630 1410 1667 1438 a.
1691 1395 1720 1437 4
1764 1394 1832 1438 vel
1874 1394 1932 1438 26

189 1475 241 1534 (F
273 1474 354 1518 XX
385 1474 456 1532 3),
511 1474 574 1518 Ti.
619 1474 793 1517 Clodius
848 1473 1007 1530 Eprius
1055 1472 1282 1516 Marcellus
1331 1487 1404 1516 cos
1434 1471 1477 1516 11
1514 1488 1550 1516 a.
1583 1473 1639 1515 74
1676 1471 1730 1529 (F
1761 1471 1842 1515 XX
1872 1470 1934 1530 5),

187 1553 233 1595 L.
260 1551 471 1595 Aemilius
501 1550 695 1595 Arcanus
727 1550 806 1593 sub
839 1549 1057 1593 Hadriano
1090 1549 1143 1607 (F
1162 1549 1242 1593 XX
1263 1549 1329 1607 6),
1373 1550 1420 1601 Q.
1447 1549 1688 1593 Herennius
1719 1547 1933 1593 Maximus

188 1630 300 1673 circa
337 1631 519 1672 aetatem
559 1625 799 1671 Caracallae
831 1626 884 1683 (F
903 1627 983 1669 XX
1005 1627 1068 1684 8),
1105 1626 1151 1669 L.
1184 1626 1368 1670 Aradius
1406 1626 1586 1670 Roscius
1623 1626 1780 1670 saeculi
1817 1626 1934 1670 tertii

189 1706 242 1764 (F
261 1705 351 1748 XX
376 1704 442 1762 9),
482 1705 537 1748 M.
570 1704 769 1748 Accenna
812 1703 1008 1762 Agrippa
1049 1704 1202 1748 aetatis
1239 1705 1424 1747 incertae
1455 1703 1509 1761 (F
1528 1703 1607 1746 XX
1637 1702 1730 1761 10);
1771 1703 1935 1760 luperci

187 1782 238 1826 A.
266 1783 498 1826 Castricius
530 1781 671 1838 Myrio
708 1784 807 1824 ante
844 1797 879 1823 a.
906 1781 964 1823 20
990 1780 1043 1838 (F
1062 1780 1164 1823 XXI
1188 1780 1251 1838 1),
1293 1781 1349 1824 M.
1375 1781 1533 1824 Fabius
1565 1780 1818 1823 Valerianus
1848 1793 1934 1824 cos.

188 1876 223 1903 a.
244 1860 332 1902 204
358 1858 411 1917 (F
430 1858 532 1902 XXI
557 1858 604 1915 3)
611 1891 624 1913 ,
656 1857 700 1900 C.
720 1857 855 1901 Iulius
881 1857 1020 1914 Asper
1051 1872 1085 1901 c.
1107 1873 1143 1900 a.
1164 1858 1252 1901 220
1278 1858 1331 1915 (F
1357 1857 1459 1900 XXI
1477 1856 1587 1915 5)³)‚
1619 1857 1664 1900 L.
1685 1855 1935 1914 Crepereius

188 1937 382 1994 Rogatus
414 1936 565 1979 aetatis
596 1935 781 1978 incertae
812 1938 913 1991 post
942 1934 1220 1978 Aurelianum
1254 1934 1307 1991 (F
1327 1933 1430 1977 XXI
1448 1933 1514 1992 6);
1548 1934 1782 1977 Laurentes
1812 1933 1935 1977 Lavi-

188 2016 308 2056 nates
345 2012 408 2055 Ti.
440 2012 641 2056 Claudius
675 2011 932 2055 Claudianus
964 2027 1048 2056 cos.
1074 2028 1110 2055 a.
1134 2011 1331 2067 199s200
1356 2011 1410 2069 (F
1430 2011 1553 2055 XXI]
1576 2010 1669 2068 10),
1711 2011 1758 2054 L.
1789 2010 1934 2054 Petro-

187 2091 285 2133 nius
315 2089 578 2133 Volusianus
609 2103 693 2132 cos.
719 2104 754 2132 a.
775 2089 879 2145 261,
923 2090 998 2144 qui
1036 2090 1080 2132 in
1118 2089 1378 2133 senatorium
1416 2088 1610 2132 ordinem
1647 2089 1838 2132 adlectus
1869 2090 1936 2131 est

187 2168 368 2210 fortasse
404 2169 505 2223 post
538 2166 822 2209 sacerdotium
853 2169 1077 2222 acceptum
1109 2165 1162 2223 (F
1181 2165 1306 2209 XXII
1325 2164 1422 2222 20),
1463 2165 1509 2208 P.
1541 2165 1733 2209 Metilius
1764 2164 1935 2208 Venno-

188 2245 341 2287 nianus
390 2244 542 2287 aetatis
591 2243 777 2286 incertae
820 2242 873 2299 (F
898 2242 1023 2286 XXII
1046 2242 1137 2301 40).
1211 2242 1295 2285 Sed
1344 2243 1473 2285 etiam
1522 2242 1713 2286 libertini
1761 2241 1936 2285 fuerunt

187 2322 351 2377 luperci
396 2319 438 2363 C.
471 2319 608 2363 Iulius
652 2318 820 2362 Salvius
863 2322 1042 2362 fortasse
1084 2319 1237 2362 aetatis
1274 2318 1461 2376 Augusti
1506 2318 1559 2376 (F
1583 2319 1687 2362 XXI
1715 2317 1762 2376 2)
1805 2321 1935 2375 atque

189 2398 237 2449 Q.
276 2396 503 2440 Considius
545 2397 657 2439 Eros
700 2397 851 2439 aetatis
894 2397 1067 2452 ignotae
1111 2395 1165 2453 (F
1190 2395 1293 2438 XXI
1318 2395 1388 2454 9),
1434 2399 1478 2439 et
1518 2396 1708 2439 Laurens
1749 2395 1934 2439 Lavinas

188 2475 235 2517 L.
260 2474 422 2517 Marius
453 2473 736 2530 Doryphorus
767 2474 918 2516 aetatis
948 2474 1122 2530 ignotae
1153 2471 1206 2530 (F
1225 2472 1350 2516 XXII
1369 2471 1457 2530 38).

307 2550 516 2594 Homines
546 2551 731 2614 patricii·
747 2551 933 2606 fuerunt,
963 2551 1133 2593 nemine
1161 2553 1352 2606 excepto,
1382 2565 1503 2608 reges
1528 2564 1744 2593 sacrorum
1770 2552 1814 2592 et
1837 2549 1933 2592 salii

190 2631 232 2671 et
250 2628 444 2670 flamines
464 2629 655 2671 maiores.
663 2626 700 2684 ⁴)
747 2627 962 2670 Flamines
981 2626 1178 2670 divorum
1198 2642 1369 2682 quoque
1387 2627 1591 2683 patricios
1610 2611 1742 2669 fuisse
1761 2626 1932 2670 demon-

190 2705 342 2747 stravit
359 2703 568 2762 Dessau⁵)
594 2719 646 2747 ex
670 2704 877 2760 exemplis
895 2707 988 2746 tum
1009 2703 1181 2759 quidem
1205 2704 1333 2759 notis,
1352 2702 1611 2761 Augustum,
1631 2702 1933 2746 Germanicum

190 2780 244 2838 (F
262 2781 346 2825 XII
368 2779 432 2838 1),
473 2780 691 2825 Neronem
725 2780 967 2824 Germanici
1003 2781 1141 2823 filium
1179 2779 1232 2838 (F
1251 2779 1335 2823 XII
1354 2779 1401 2837 3)
1409 2813 1421 2836 ,
1462 2781 1509 2822 L.
1533 2779 1707 2823 Iunium
1738 2779 1932 2823 Silanum

308 2936 342 2979 1)
355 2934 572 2978 Mommsen,
585 2933 739 2969 Staatsr.
751 2932 784 2967 Π
796 2945 832 2978 p.
842 2936 904 2975 333
918 2931 1114 2977 Wissom,
1128 2932 1247 2978 Relig.
1262 2933 1342 2968 und
1351 2932 1452 2967 Kult.
1466 2944 1502 2978 p.
1511 2936 1591 2967 422.
1661 2933 1697 2977 2)
1713 2932 1931 2975 Mommsen,

189 2992 212 3026 l.
228 3004 257 3027 c.
278 2992 330 3027 HI
354 3005 390 3038 p.
405 2996 486 3028 567.
584 2995 619 3038 3)
639 2992 685 3027 cf.
699 2992 898 3037 Wissowa,
922 2991 946 3026 1.
967 3003 997 3027 c.
1017 3004 1052 3038 p.
1073 2996 1142 3027 422
1163 2991 1248 3027 adn.
1264 2995 1296 3026 4.
1401 2993 1436 3036 4)
1463 2991 1686 3036 Mommsen,
1710 2991 1735 3026 1.
1756 3002 1786 3026 c.
1811 3003 1849 3036 p.
1870 2994 1933 3035 '18;

189 3051 390 3096 Wissowa,
416 3051 440 3086 1.
462 3063 492 3088 c.
517 3064 553 3099 p.
574 3056 643 3087 421
671 3053 709 3087 et
732 3055 802 3087 422
828 3051 914 3086 adn.
936 3055 966 3087 1.
1065 3053 1100 3097 5)
1125 3050 1219 3098 Eph.
1247 3062 1303 3096 ep.
1323 3050 1376 3085 III
1398 3062 1436 3095 p.
1456 3053 1526 3085 223
1546 3061 1625 3096 sqq.
