2046 3354
942 179 1208 221 -6-

204 286 375 341 dotalia,
406 302 490 342 quo
524 289 716 343 tempore
749 285 934 341 quidem,
964 300 989 328 a
1020 283 1258 328 Stilichone
1289 284 1527 328 combustis
1557 284 1680 329 libris
1706 283 1946 342 Sibyllinis,

204 363 433 420 collegium
467 363 901 418 quindecimvirorum
936 362 1086 405 saltem
1119 361 1360 418 concidit.¹)

324 439 464 483 Salius
496 440 718 483 Palatinus
754 454 924 495 quoque
955 453 1065 482 unus
1098 437 1254 482 saeculi
1287 438 1428 494 quarti
1460 438 1647 481 ineuntis
1679 437 1950 496 invenjturv,

204 517 276 559 sed
309 517 533 573 sexaginta
564 520 663 572 post
695 517 818 559 annis
849 517 1086 559 mansiones
1115 515 1317 559 saliomm
1351 514 1647 558 Palatinarum
1771 516 1950 571 mutia

202 608 282 637 sua
324 598 622 648 reparaverunt
662 595 878 649 ymntifioes
921 593 1063 636 Vestae
1106 593 1422 648 momayisterio
1465 591 1598 635 Plotia·
1640 592 1755 636 Aelii
1797 592 1951 636 Latee'lli

211 671 388 713 Vitrasii
408 670 674 714 Praetextati.
684 670 718 728 ⁸)
769 670 908 713 Multo
940 673 1038 713 ante
1070 673 1212 713 autem
1246 669 1444 712 videntur
1473 668 1723 712 sodalitates
1752 668 1950 713 divorum

205 748 409 790 interisse.
483 747 596 791 Nam
641 750 738 804 post
783 747 829 791 P.
867 747 1116 790 Petronium
1162 746 1385 789 Meliorem
1429 762 1463 789 a.
1499 746 1589 789 230
1630 747 1742 789 inter
1784 745 1951 790 sodale·

204 823 464 881 Augustales
505 827 753 880 cooptatum
786 823 882 882 (F⁴)
906 823 1010 867 VIII
1033 823 1126 881 71),
1164 823 1207 866 C.
1234 822 1390 866 Iulium
1424 822 1585 866 Verum
1618 821 1853 866 Maximum
1885 837 1950 867 so-

204 902 342 944 dalem
381 901 612 944 Flavialem
658 917 692 943 a.
720 902 806 944 236
851 904 1097 957 cooptatum
1142 900 1195 957 (F
1214 900 1275 944 IX
1300 900 1392 958 19),
1435 899 1491 943 Μ.
1522 899 1694 943 Aelium
1731 899 1950 944 Tbeonem

204 979 391 1035 legatum
431 978 649 1021 Valeriani
695 981 737 1020 et
781 977 962 1021 Gallieni
1008 1004 1055 1009 —
1102 993 1136 1020 a.
1164 977 1412 1020 253-260
1448 1002 1506 1008 ——
1542 976 1729 1022 sodalem
1773 976 1951 1021 Hadria·

203 1054 344 1097 nalem
378 1054 431 1111 (F
452 1055 489 1097 X
514 1054 606 1112 16),
643 1055 943 1110 imperatorem
976 1054 1259 1097 Maximinum
1290 1070 1325 1097 a.
1346 1054 1433 1097 235
1472 1054 1584 1097 inter
1621 1053 1786 1097 sodales
1816 1051 1952 1097 Anto-

203 1131 400 1174 ninianos
445 1134 692 1188 cooptatum
736 1131 845 1189 (CIL
872 1131 934 1175 VI
960 1132 1089 1186 2001,
1118 1130 1191 1188 15)
1236 1132 1452 1174 invenitur
1489 1130 1633 1174 nullus
1670 1132 1754 1174 iam
1793 1130 1952 1174 sodalis

204 1207 412 1250 divorum.
484 1207 674 1251 Ultimus
712 1209 787 1264 qui
824 1211 1183 1251 commemoratur
1218 1209 1439 1251 flaminum
1478 1208 1686 1250 maiorum
1726 1207 1951 1252 Terentius

206 1284 442 1328 Gentianus
474 1300 558 1329 cos.
579 1302 614 1328 a.
635 1286 718 1328 211
748 1270 801 1343 (F
820 1284 863 1328 II
885 1284 930 1343 7)
959 1286 1054 1340 fuit,
1086 1287 1264 1328 ultimus
1289 1286 1511 1328 flaminum
1537 1284 1733 1328 divorum
1759 1284 1952 1336 Quinti*

203 1376 284 1403 nus
317 1362 467 1405 consul
498 1366 546 1405 ut
577 1362 746 1405 videtur
776 1378 811 1405 a.
831 1362 919 1405 235
945 1361 999 1419 (F
1017 1361 1100 1405 XII
1121 1362 1210 1419 21),
1242 1376 1390 1418 regum
1418 1375 1633 1405 sacrorum
1660 1361 1734 1405 Cn.
1754 1361 1952 1406 Pinarius

206 1438 399 1494 Severus,
431 1439 505 1494 qui
538 1439 617 1481 sub
649 1438 832 1482 Traiano
865 1439 974 1482 vixit
1005 1438 1057 1496 (F
1076 1438 1141 1482 ΠΙ
1162 1439 1221 1496 2),
1251 1438 1464 1482 fetialium
1495 1438 1540 1482 L.
1567 1438 1730 1482 Marius
1759 1438 1951 1482 Aurelia-

203 1529 285 1557 nus
323 1530 406 1559 cos
431 1515 474 1559 11
500 1531 535 1558 a.
556 1516 643 1558 223
669 1515 723 1572 (F
745 1515 850 1558 XIII
870 1515 966 1574 20),
1009 1516 1219 1559 sodalium
1257 1515 1471 1559 Titiorum
1516 1515 1573 1558 M.
1605 1513 1763 1559 Antius
1804 1514 1952 1572 Lupus

205 1592 370 1635 occisus
397 1608 431 1635 a.
455 1593 539 1636 182
560 1592 612 1650 (F
632 1592 714 1635 XV
737 1591 826 1650 11),
851 1594 1056 1636 saliorum
1082 1592 1347 1636 Collinorum
1357 1590 1391 1650 ⁵)
1417 1591 1464 1635 L.
1484 1591 1662 1635 Fulvius
1686 1591 1953 1636 Aemilianus

204 1684 288 1712 cos,
326 1685 361 1712 a.
394 1669 480 1712 206
507 1669 560 1728 (F
591 1669 716 1713 XVII
751 1669 836 1728 19).
916 1670 983 1712 Ex
1029 1685 1079 1713 eo
1124 1670 1239 1726 quod
1294 1668 1534 1713 Gordianus
1582 1669 1761 1713 ultimus
1803 1683 1952 1714 eornm

204 1747 511 1802 imperatorum
550 1749 632 1803 est,
676 1761 859 1802 quorum
904 1750 1070 1790 statuae
1113 1748 1158 1790 in
1195 1746 1419 1790 Arvalium
1461 1746 1560 1790 luco
1604 1749 1798 1803 repertae
1840 1750 1955 1804 sunt,

204 1823 352 1880 colligi
388 1826 531 1879 potest
567 1826 668 1879 post
704 1823 822 1866 illius
859 1827 1042 1867 aetatem
1079 1823 1222 1867 nullos
1255 1824 1387 1867 fuisse
1417 1823 1572 1866 fratres
1608 1822 1806 1878 Arvales,
1849 1838 1953 1880 quo-

206 1915 302 1943 cum
344 1901 544 1956 congruit
580 1900 781 1944 ultimum
818 1901 1108 1958 fragmentum
1146 1905 1339 1945 actorum
1377 1900 1558 1944 fratrum
1589 1901 1643 1943 ad
1675 1915 1833 1943 annum
1864 1901 1950 1944 241

206 1977 437 2034 pertinens.
447 1977 482 2035 6)

324 2054 520 2109 Denique
569 2057 669 2110 post
717 2056 893 2098 tertium
941 2055 1157 2098 saeculum
1210 2055 1330 2098 nulla
1372 2054 1569 2110 exempla
1618 2055 1952 2099 sacerdotiorum

208 2131 371 2174 ordinis
402 2132 612 2186 equestris
643 2131 940 2188 inveniuntur,
977 2147 1237 2188 quamquam
1267 2131 1522 2188 Lupercalia
1552 2145 1688 2187 usque
1719 2131 1774 2175 ad
1803 2148 1839 2175 a.
1864 2132 1953 2176 494

207 2208 565 2251 celebrabrantur.
575 2207 610 2265 ⁷)
683 2207 750 2251 Ita
791 2209 971 2252 ultimus
1017 2224 1143 2265 quem
1187 2209 1387 2252 novimus
1436 2208 1631 2264 pontifex
1680 2209 1823 2252 minor
1869 2209 1955 2252 fuit

205 2285 250 2327 P.
284 2285 433 2327 Livius
476 2284 693 2341 Larensis,
740 2287 815 2341 qui
863 2286 974 2328 vixit
1021 2288 1071 2328 ut
1113 2286 1284 2328 videtur
1326 2285 1494 2328 saeculo
1545 2285 1730 2328 secundo
1773 2289 1955 2329 exeunte

206 2361 259 2419 (F
284 2360 432 2404 XVIII
458 2360 525 2418 8),
574 2362 729 2404 flamen
777 2363 920 2406 minor
966 2362 1062 2406 Sex.
1101 2362 1274 2405 Caesius
1316 2362 1642 2419 Propertianus,
1691 2363 1767 2418 qui
1814 2365 1955 2406 aetate

206 2438 374 2481 Vitellii
410 2438 520 2481 vixit
557 2438 611 2496 (F
635 2438 737 2482 XIX
763 2438 830 2497 3),
870 2440 988 2482 curio
1027 2439 1075 2490 Q.
1106 2439 1349 2482 Herennius
1386 2439 1601 2483 Maximus
1638 2441 1791 2483 aetatis
1828 2439 1954 2483 Cara-

208 2515 339 2558 callae
370 2515 438 2558 vel
467 2515 695 2572 Elagabali
726 2514 780 2573 (F
798 2516 881 2559 XX
901 2515 961 2574 8),
990 2517 1190 2572 lupercus
1220 2516 1268 2559 L.
1289 2515 1540 2573 Crepereius
1574 2517 1769 2574 Rogatus
1800 2518 1954 2561 aetatis

205 2595 307 2648 post
336 2593 614 2635 Aurelianum
646 2592 699 2650 (F
714 2592 822 2636 -XXI
840 2592 901 2650 6),
930 2593 1120 2636 Laurens
1150 2593 1333 2636 Lavinas
1364 2593 1411 2636 L.
1436 2594 1663 2637 Petronius
1691 2593 1954 2638 Volusianus

206 2670 445 2725 praefectus
482 2669 580 2712 urbi
617 2685 652 2712 a.
677 2669 880 2725 267s268
907 2669 961 2727 (F
979 2669 1105 2713 XXJI
1123 2669 1221 2727 20),
1255 2670 1430 2714 tubicen
1467 2685 1683 2714 sacrorum
1721 2671 1769 2722 Q.
1794 2671 1954 2715 Decius

209 2746 465 2789 Saturninus
498 2746 576 2789 sub
608 2746 780 2790 Tiberio
813 2745 866 2804 (F
884 2746 1031 2790 XXIII
1054 2746 1111 2804 1),
1143 2747 1338 2790 sacerdos
1366 2747 1642 2791 Caeninensis
1673 2748 1721 2791 L.
1747 2747 1866 2791 Cand
1884 2783 1894 2792 .
1914 2783 1925 2792 .
1945 2783 1955 2792 .

328 2888 363 2933 1)
387 2887 583 2931 Wissowa,
607 2886 633 2922 l.
648 2898 678 2922 c.
698 2899 733 2933 p.
749 2890 794 2922 86
814 2899 867 2933 sq.
967 2888 1002 2930 2)
1028 2887 1065 2923 C.
1085 2887 1235 2924 Vettius
1254 2889 1409 2924 Rufinus
1429 2900 1502 2924 cos.
1517 2900 1549 2925 a.
1565 2892 1634 2924 323
1654 2889 1870 2935 (FastiXVI
1883 2891 1953 2935 77).

209 2948 244 2991 3)
270 2946 344 2982 CIL
364 2946 416 2982 Vl
434 2950 537 2982 2158.
612 2948 648 2992 4)
673 2946 817 2982 Littera
838 2947 867 2981 F
891 2946 1052 2982 indicati
1071 2949 1158 2982 sunt
1177 2947 1277 2983 fasti.
1353 2950 1388 2994 5)
1412 2948 1531 2984 Erant
1549 2948 1636 2984 salii
1653 2950 1780 2984 aetate
1798 2947 1956 2984 Minucii

209 3005 345 3041 Felicis
370 3007 442 3051 (25,
463 3007 531 3052 12).
619 3007 654 3051 6)
680 3005 864 3041 Wissowa
888 3006 929 3041 in
955 3006 1093 3052 encycl.
1113 3006 1207 3043 reali
1226 3007 1260 3042 Π
1275 3011 1376 3043 1467.
1453 3010 1488 3054 7)
1513 3007 1954 3052 Marquardt-Wissova,

210 3065 314 3100 Rom.
343 3065 576 3102 Staatsverw.
597 3064 666 3100 111²
689 3077 725 3112 p.
751 3068 831 3100 427.
