2046 3354
1015 804 1119 854 VII.

307 910 542 967 Reliquum
568 914 634 955 est
658 914 708 954 ut
731 924 868 968 pauca
891 910 1023 954 verba
1045 909 1200 954 faciam
1225 909 1278 953 de
1302 908 1585 966 collegiorum
1610 908 1938 951 sacerdotalium

188 987 406 1045 magistris
438 990 566 1045 atque
595 986 949 1046 promagistris.¹)
998 986 1064 1031 Ac
1094 988 1282 1044 primum
1311 986 1498 1044 quidem,
1528 1000 1626 1029 cum
1652 1000 1705 1029 ex
1730 985 1940 1042 amplissi-

190 1065 271 1108 mis
314 1064 510 1122 collegiis
554 1065 880 1122 quindecimviri
923 1065 1145 1108 materiam
1182 1064 1476 1123 plenissimam
1515 1064 1559 1107 in
1596 1063 1703 1108 actis
1741 1062 1939 1106 ludorum

190 1141 468 1186 saecularium
500 1142 625 1186 nobis
655 1143 900 1200 praebeant,
930 1157 1183 1198 quaeramus
1214 1142 1311 1199 quis
1337 1141 1382 1185 in
1406 1140 1489 1184 hoc
1514 1140 1699 1199 collegio
1726 1139 1942 1198 magister,

191 1220 288 1276 quis
317 1219 604 1277 promagister
634 1220 783 1275 fuerit,
813 1223 857 1263 et
886 1219 940 1263 de
970 1233 1150 1263 numero
1182 1219 1499 1276 magistrorum.

308 1296 436 1340 Anno
475 1295 559 1339 737
582 1317 637 1332 =
663 1296 728 1351 17,
767 1311 863 1340 cum
903 1295 1128 1354 Augustus
1165 1296 1290 1341 ludos
1328 1297 1564 1340 saeculares
1601 1295 1778 1351 faceret,
1820 1298 1943 1338 erant

189 1373 362 1432 collegii
399 1373 833 1430 quindecimvirorum
872 1374 1066 1430 magistri
1106 1374 1315 1430 quinque,
1351 1388 1533 1430 quorum
1573 1387 1684 1416 unus
1721 1376 1813 1416 erat
1850 1373 1942 1428 ipse

190 1449 424 1509 Augustus.
492 1449 699 1494 Inferiore
736 1453 875 1494 aetate
913 1450 1042 1494 simul
1079 1451 1212 1495 fuisse
1244 1452 1389 1506 plures
1422 1451 1651 1507 magistros
1681 1452 1859 1506 apparet
1889 1464 1942 1491 ex

189 1527 331 1571 verbis
355 1526 493 1571 Taciti
525 1543 621 1571 ann.
646 1526 709 1571 VI
739 1528 792 1571 12
824 1528 878 1571 ad
905 1543 1064 1571 annum
1091 1528 1167 1572 32:
1199 1529 1295 1571 lecu»
1316 1542 1391 1583 per
1416 1529 1636 1581 ncayistros
1660 1526 1942 1583 (quindecim-

190 1603 399 1662 virorum)
425 1606 717 1661 aestimatoque
740 1606 944 1658 sarmium
977 1606 1051 1650 sed
1082 1608 1244 1662 postes,
1275 1608 1324 1648 ut
1350 1604 1516 1648 Plinius
1525 1603 1559 1662 ⁸)
1591 1604 1729 1659 docet,
1759 1604 1941 1661 collegio

188 1682 460 1740 praesidebat
489 1697 612 1738 unus,
643 1683 719 1739 qui
743 1682 914 1727 videtur
938 1698 1106 1740 semper
1130 1683 1366 1740 imperator
1388 1683 1533 1726 fuisse.
1542 1681 1579 1736 ⁸)
1628 1682 1766 1725 Annis
1798 1684 1941 1724 autem

189 1759 278 1804 203
298 1762 341 1803 et
360 1759 448 1803 204
469 1759 672 1804 Manilius
691 1759 855 1804 Fuscus
875 1759 929 1818 (F
942 1760 1095 1818 V159)
1114 1764 1159 1805 et
1177 1759 1409 1817 Pompeius
1428 1760 1704 1803 Rusoni-mus
1720 1758 1774 1815 (F
1789 1758 1851 1802 VI
1865 1757 1942 1816 69)

190 1837 390 1881 dicuntur
426 1838 471 1880 in
508 1837 618 1880 actis
655 1837 870 1895 magistri,
908 1838 981 1881 sed
1018 1838 1126 1882 mihi
1163 1838 1333 1882 videtur
1369 1841 1462 1882 tum
1500 1851 1671 1894 quoque
1709 1836 1944 1893 imperator

191 1914 396 1973 magister
430 1914 582 1971 fuisse,
619 1918 663 1958 et
692 1914 896 1959 Manilius
927 1914 1245 1972 Pompeiusque
1281 1915 1385 1958 facti
1422 1930 1514 1958 esse
1546 1915 1742 1972 magistri
1774 1916 1942 1957 tantum

190 1991 243 2036 sd
280 1991 406 2035 ludos
443 1991 680 2036 saeculares
718 1991 917 2049 Septimii
950 1991 1096 2037 Severi
1133 1992 1314 2048 dandos,
1351 1993 1527 2048 quibus,
1562 1993 1674 2036 sicut
1705 1995 1831 2035 antea
1862 1991 1941 2034 sub

188 2055 407 2127 Augusto,
451 2069 778 2126 quindecimviri
821 2071 1107 2127 praefuerunt.
1115 2069 1152 2128 ⁴)
1219 2069 1393 2114 Etenim
1437 2073 1537 2127 post
1573 2072 1758 2113 aetatem
1797 2067 1943 2112 Severi

190 2149 482 2191 memorantur
511 2147 707 2204 magistri
731 2162 871 2204 neque
894 2163 920 2191 a
943 2163 1087 2192 rerum
1114 2148 1398 2204 scriptoribus
1424 2162 1563 2204 neque
1589 2148 1634 2191 in
1659 2147 1812 2202 titulis,
1843 2147 1945 2203 quia

191 2223 355 2268 scilicet
398 2225 631 2281 imperator
672 2225 878 2282 magister
913 2228 1015 2269 erat.
1084 2224 1168 2269 Sed
1206 2228 1355 2269 contra
1392 2225 1516 2269 annis
1552 2225 1640 2268 213
1678 2227 1722 2268 et
1758 2224 1845 2268 2239
1883 2225 1943 2267 in-

190 2302 421 2345 veniuntur
444 2302 721 2359 promagistri
742 2301 999 2359 Calpurnius
1024 2302 1243 2346 Domitius
1262 2301 1316 2359 (F
1336 2302 1399 2346 VI
1418 2302 1495 2359 81)
1521 2305 1565 2346 et
1583 2301 1765 2345 Pontius
1785 2299 1944 2344 Gavius

193 2376 247 2435 (F
268 2377 332 2421 VI
351 2377 442 2434 87),
473 2379 548 2434 qui
579 2380 814 2437 magisterii
845 2394 1023 2424 munera
1053 2380 1408 2436 exsequebantur,
1440 2393 1538 2423 cum
1570 2380 1805 2435 imperator
1834 2378 1946 2421 vale-

192 2455 341 2498 tudine
378 2457 447 2499 vel
483 2456 755 2513 expeditione
791 2457 860 2500 vel
897 2457 983 2501 alia
1018 2471 1147 2501 causa
1183 2457 1472 2514 impediretur.
1483 2455 1519 2513 ⁵)
1580 2456 1642 2501 Ut
1673 2456 1718 2500 in
1749 2455 1944 2514 collegiis

192 2532 406 2576 sodalium
437 2531 743 2591 Augustalium
780 2536 911 2591 atque
946 2534 1129 2578 fratrum
1159 2534 1384 2578 Arvalium
1423 2535 1710 2592 promsgister
1739 2533 1947 2577 edebatur

194 2625 220 2653 a
255 2610 482 2668 magistro,
517 2611 579 2654 ita
616 2611 670 2654 ab
711 2611 968 2668 imperatore
1005 2611 1293 2669 promsgister
1328 2611 1766 2667 quindecimvirorum
1806 2611 1946 2654 factus

197 2701 289 2730 esse
331 2687 512 2731 videtur.
583 2687 701 2732 Num
745 2703 902 2732 munus
946 2689 1224 2747 promagistri
1266 2703 1457 2732 annuum
1505 2689 1655 2744 fuerit,
1702 2703 1791 2732 non
1840 2688 1946 2732 satis

192 2768 382 2821 apparet.

314 2908 349 2951 1)
376 2906 422 2942 de
447 2906 708 2954 promagistris
734 2906 954 2953 pontificum
980 2907 1026 2942 cf,
1053 2906 1186 2951 Habel‚
1212 2907 1236 2942 l.
1256 2918 1286 2943 c.
1312 2920 1347 2954 p.
1363 2911 1420 2944 90.
1517 2910 1552 2954 2)
1577 2907 1623 2944 N.
1643 2907 1689 2943 H.
1715 2907 1869 2943 XXVIII
1890 2912 1944 2944 12.

194 2967 230 3009 3)
263 2965 708 3011 Marquardt-Wissowa‚
740 2966 845 3002 Rom.
866 2966 919 3002 St.
933 2967 976 3002 V.
997 2966 1048 3002 111
1078 2979 1114 3013 p.
1136 2970 1204 3002 382
1230 2967 1316 3003 adn.
1339 2971 1377 3010 13
1411 2968 1632 3012 Mommsen,
1664 2967 1687 3002 l.
1716 2979 1746 3003 c.
1778 2979 1812 3013 p.
1835 2970 1945 3010 11063

195 3023 396 3070 Mercklin,
422 3024 446 3061 l.
467 3036 497 3060 c.
523 3037 559 3071 p.
582 3029 661 3061 162.
782 3028 818 3071 4)
843 3024 1046 3071 Wissowa,
1077 3025 1100 3062 l.
1122 3037 1151 3062 c.
1172 3038 1208 3072 p.
1228 3030 1299 3063 415
1319 3027 1404 3063 adn.
1427 3031 1458 3062 6.
1581 3030 1617 3073 5)
1643 3027 1843 3070 Wissowa,
1868 3026 1891 3062 l.
1913 3038 1944 3062 c.

192 3095 228 3130 p.
249 3087 319 3120 462
344 3085 384 3120 et
407 3087 478 3120 425
503 3083 589 3120 adn.
613 3087 644 3119 7.
