2046 3354
976 176 1267 220 -13-

370 285 637 328 Electionem
668 283 964 340 Augustorum
999 282 1312 338 Caesarumque
1349 283 1394 325 in
1427 286 1568 327 cetera
1598 283 1800 326 senatorii
1832 283 1993 327 ordinis

251 361 431 418 collegia
461 361 593 403 fuisse
624 360 736 416 apud
763 363 956 403 senatum
982 374 1034 402 ex
1062 359 1414 415 inscriptionibus
1438 362 1618 404 constat.
1676 358 1855 416 Legitur
1877 359 1991 403 enim

251 439 291 480 in
327 437 449 481 fastis
481 437 690 480 sodalium
724 435 1026 493 Augustalium
1062 435 1363 479 Claudialium:
1400 436 1580 479 adlectus
1609 437 1667 480 ad
1695 449 1914 479 ”mmm
1942 449 1994 479 αι·

249 530 279 558 s.
312 529 342 557 c.
373 514 511 570 [Nero
546 513 773 569 Claudius]
806 513 963 557 Caesae·
997 514 1294 564 Germanicum
1334 513 1379 556 in
1413 513 1535 557 fastis
1566 513 1778 558 sodalium
1811 512 1991 557 Antoni·

249 592 492 634 nianorum:
530 591 595 633 Μ.
628 590 825 634 Aurelius
854 592 1096 635 Antoninus
1127 590 1236 635 Pius
1265 590 1390 634 Felix
1424 591 1599 646 Auyust.
1629 604 1680 634 a
1709 604 1741 634 s.
1770 604 1803 634 c.
1833 594 1994 646 coopto*

249 673 333 719 tus,·
375 669 417 711 in
455 668 580 711 fastis
617 668 885 711 sacerdotum
916 668 1242 712 consistentium
1281 667 1324 710 in
1357 667 1460 710 aede
1490 666 1605 710 Iovis
1635 666 1993 725 propugnatoris:

247 760 296 788 επ
332 760 362 788 s.
394 760 424 788 c.
458 745 523 788 M.
560 744 763 801 Opellium
801 745 993 789 Severum
1037 745 1284 788 Mam-immi
1457 747 1745 799 coaptum-me
1781 743 1834 804 al:
1907 742 1992 788 Sed

247 823 338 865 sine
369 822 500 865 dubio
531 825 729 879 poteraut
761 822 853 878 ipsa
884 821 1064 878 collegia
1096 837 1266 878 quoque
1296 821 1472 878 proprio
1504 822 1595 864 iure
1626 821 1840 878 principes
1865 834 1994 879 coop-

246 903 349 954 tare,
379 913 477 942 cum
508 899 694 943 formula
724 914 774 942 ex
797 915 828 943 s.
854 915 884 942 c.
917 899 1146 955 aliquando
1178 898 1341 956 desit.¹)
1397 897 1497 942 Non
1529 902 1642 943 recte
1673 899 1782 942 dixit
1807 896 1991 955 Habd')

246 976 460 1033 principes
490 991 625 1033 usque
655 977 709 1019 ad
734 991 893 1020 annum
919 977 974 1019 51
1003 990 1139 1032 neque
1166 976 1211 1019 in
1235 976 1423 1019 comitiis
1447 990 1586 1032 neque
1611 977 1655 1019 in
1680 979 1830 1020 senatu
1855 989 1991 1020 sacer-

246 1053 366 1096 dotes
393 1056 558 1097 creatos
589 1055 740 1109 fuisse3
770 1068 871 1096 nam
898 1053 1038 1108 verba,
1069 1067 1178 1109 quae
1203 1052 1256 1095 ad
1281 1052 1392 1096 hanc
1416 1053 1671 1097 sententiam
1698 1052 1991 1097 demonstrau-

245 1131 342 1173 dam
362 1130 567 1187 citavit⁸),
586 1130 874 1188 intellegenda
897 1134 998 1173 sunt
1023 1131 1094 1186 ita,
1119 1133 1169 1173 ut
1193 1130 1499 1186 imperatorum
1520 1131 1587 1173 ius
1605 1129 1991 1174 commendationis

244 1208 498 1265 significent.
555 1206 649 1258 Quo
681 1207 809 1250 modo
841 1210 940 1250 ante
972 1221 1129 1249 annum
1166 1207 1220 1249 14
1251 1207 1296 1250 in
1328 1207 1433 1250 haec
1464 1206 1647 1264 collegia
1677 1206 1870 1263 cooptati
1900 1206 1991 1251 sint

244 1299 331 1327 non
362 1288 542 1340 constat,
573 1284 647 1327 sed
679 1283 876 1340 equidem
907 1283 1073 1326 conicio
1099 1282 1344 1340 Augustum
1376 1298 1425 1326 ac
1449 1283 1670 1327 Tiberium
1696 1284 1871 1340 proprio
1897 1284 1989 1327 iure

243 1361 522 1418 collegiorum
566 1361 778 1424 fetialium
819 1360 1033 1404 Titiorum
1076 1360 1257 1404 fratrum
1301 1360 1526 1404 Arvalium
1569 1360 1809 1405 sacerdotes
1851 1361 1990 1404 factos

243 1453 351 1495 esse,
390 1438 588 1482 Caesares
625 1441 768 1481 autem
813 1453 863 1480 ex
907 1438 1178 1494 imperatoris
1221 1438 1312 1480 iure
1349 1437 1656 1481 nominationis
1700 1437 1742 1480 in
1781 1437 1990 1496 collegiis,

243 1517 267 1557 i.
300 1530 333 1558 e.
365 1530 502 1572 neque
535 1516 579 1557 in
610 1515 797 1558 comitiis
827 1529 966 1570 neque
997 1515 1043 1558 in
1073 1518 1234 1558 senatu.

361 1592 474 1635 Ante
511 1607 672 1637 annum
708 1592 784 1647 51,
822 1606 907 1648 quo
945 1594 1118 1635 senatus
1156 1591 1309 1648 incipit
1344 1591 1559 1648 principes
1596 1606 1725 1648 supra
1760 1606 1988 1636 numerum

242 1670 455 1726 eligere⁴),
479 1672 619 1713 cetera
644 1669 877 1712 sacerdotia
903 1683 1012 1724 quae
1036 1669 1227 1712 nondum
1253 1668 1469 1712 habebant
1492 1668 1761 1724 accipiebant
1787 1667 1987 1714 Caesares

241 1747 431 1802 cooptati
469 1747 515 1789 in
545 1747 687 1790 locum
717 1745 1015 1804 Augustorum
1046 1749 1311 1789 mortuorum
1343 1749 1418 1788 aut
1448 1747 1596 1789 statim
1627 1749 1728 1802 post
1757 1746 1987 1803 imperium

240 1827 462 1879 acceptum
505 1826 580 1866 aut
623 1823 752 1880 paulo
789 1822 943 1880 post.⁵)
1013 1823 1172 1867 Contra
1208 1822 1324 1866 Nero
1362 1826 1460 1866 ante
1498 1824 1726 1879 imperium
1762 1827 1987 1880 acceptum

240 1903 466 1956 cooptatus
498 1904 564 1943 est
594 1916 723 1957 supra
754 1915 977 1943 numerum
1010 1915 1062 1943 ex
1089 1903 1262 1943 senatus
1287 1900 1484 1943 consulto
1509 1900 1556 1942 in
1580 1901 1725 1943 omnia
1749 1898 1987 1958 collegia‘),

240 1992 367 2032 quam
410 1978 619 2020 rationem
659 1980 829 2020 secutos
865 1992 958 2020 esse
996 1977 1195 2021 Caesares
1235 1978 1448 2020 inferioris
1491 1977 1644 2020 aetatis
1688 1977 1842 2020 docent
1882 1976 1985 2021 foti

238 2054 449 2097 sodalium
479 2053 786 2112 Augustalium
824 2058 952 2110 atque
987 2054 1257 2098 sacerdotum
1289 2054 1616 2097 consistentium
1653 2055 1700 2096 in
1736 2054 1839 2097 aede
1868 2053 1986 2098 Iovis

236 2130 584 2189 Propugnatoris.
653 2130 721 2174 Ita
756 2132 801 2174 in
837 2132 980 2175 locum
1016 2131 1204 2175 Neronis
1244 2134 1309 2174 est
1346 2134 1573 2188 cooptatus
1610 2132 1741 2174 homo
1778 2132 1985 2188 privatus,

235 2223 323 2251 non
366 2207 518 2264 Galba,
555 2209 631 2264 qui
669 2210 755 2252 iam
799 2212 891 2251 erat
926 2209 1084 2251 sodalis
1121 2208 1375 2266 Augustalis
1384 2207 1431 2266 ⁷),
1468 2223 1607 2265 augm-
1640 2211 1782 2252 autem
1818 2207 1986 2252 Neroni

236 2286 441 2330 suecessit
465 2301 501 2328 a.
521 2286 589 2328 69.
646 2285 814 2329 Sodalis
838 2285 1091 2343 Augustalis
1117 2288 1344 2341 cooptatus
1370 2288 1436 2328 est
1454 2285 1745 2341 Vespasianus
1771 2286 1818 2328 in
1839 2286 1983 2328 locum

234 2362 403 2405 Vitellii
435 2366 478 2406 et
506 2362 630 2406 Titus
661 2363 851 2406 adlectus
883 2367 948 2406 est
977 2363 1031 2406 ad
1062 2378 1289 2406 numerum
1314 2376 1365 2404 ex
1391 2365 1564 2405 senatus
1588 2361 1805 2418 consult03
1834 2361 1983 2405 Domi·

233 2440 376 2482 tianus
407 2442 552 2482 autem
583 2441 669 2483 iam
701 2440 859 2483 sodalis
889 2439 1143 2497 Augustalis
1173 2441 1317 2482 locum
1348 2439 1437 2482 Titi
1466 2453 1556 2482 non
1586 2439 1823 2494 occupavit.
1878 2437 1983 2482 Non

234 2516 359 2559 aliter
405 2519 633 2572 cooptatus
675 2520 741 2560 est
782 2532 913 2572 supra
947 2531 1174 2560 numerum
1211 2532 1264 2559 ex
1308 2520 1482 2559 senatus
1524 2517 1720 2559 consulto
1764 2514 1983 2558 Caracalla

233 2608 269 2635 a.
304 2593 387 2636 197
428 2594 662 2649 imperator
700 2593 957 2648 destinatus,
996 2594 1066 2636 eui
1102 2596 1273 2636 mortuo
1310 2609 1347 2636 a.
1372 2594 1458 2636 217
1501 2594 1704 2636 successit
1746 2593 1982 2648 imperator

233 2670 460 2712 Macrinus.
533 2669 658 2712 Unde
701 2673 878 2725 apparet
920 2670 1069 2712 eodem
1113 2684 1244 2725 anno,
1286 2684 1372 2725 quo
1415 2670 1496 2712 filii
1539 2670 1628 2712 sive
1670 2669 1847 2726 ingenui
1889 2669 1980 2712 sive

233 2746 426 2802 adoptati
469 2745 669 2790 Caesares
712 2746 916 2802 appellati
957 2749 1070 2802 sunt,
1106 2747 1344 2790 sacerdotia
1378 2746 1592 2801 accepisse
1631 2749 1706 2789 aut
1748 2747 1795 2788 in
1834 2747 1979 2789 locum

353 2891 385 2932 1)
412 2886 486 2923 ΟΠ,
510 2887 562 2923 VI
588 2890 691 2931 1984,
717 2891 750 2931 2,
778 2890 832 2922 13.
967 2887 1003 2932 2)
1027 2886 1051 2922 1.
1079 2897 1109 2921 c.
1134 2899 1170 2932 p.
1197 2890 1254 2922 63.
1384 2888 1420 2933 3)
1445 2886 1516 2922 Dio
1542 2886 1606 2922 LV
1625 2890 1658 2922 9.
1684 2885 1801 2922 Lvm
1826 2889 1847 2921 τ
1872 2886 1914 2921 ot
1935 2888 1977 2928 ες

233 2946 331 2982 Suet.
359 2946 487 2982 Claud.
514 2950 553 2990 43
588 2947 634 2982 de
665 2945 802 2991 quibus
831 2945 906 2981 vid.
932 2956 1047 2991 supra
1069 2957 1105 2991 p.
1128 2949 1184 2981 15.
1321 2948 1359 2992 4)
1383 2945 1523 2989 Habel,
1548 2945 1573 2981 1.
1599 2957 1629 2981 c.
1656 2958 1692 2991 p.
1719 2949 1765 2981 64
1790 2946 1830 2981 et
1854 2948 1899 2981 '11
1919 2956 1975 2990 sq.

233 3006 268 3051 5)
292 3005 415 3041 Habel
439 3017 475 3051 p.
502 3010 524 3041 6
549 3005 635 3042 adn.
662 3009 694 3041 5.
813 3007 849 3051 6)
880 3004 967 3041 Tac.
1001 3015 1087 3041 ann.
1119 3004 1188 3039 ΧΠ
1217 3008 1280 3047 41;
1313 3004 1388 3040 CIL
1418 3005 1470 3041 VI
1495 3009 1576 3040 921.
1610 3008 1712 3040 1984.
1740 3007 1844 3040 2040.
1870 3006 1976 3039 204².

233 3066 267 3108 7)
300 3063 399 3099 Suet.
438 3064 545 3100 Gaib.
578 3068 617 3109 83
659 3064 821 3108 Dessau‚
853 3064 937 3110 eph.
970 3075 1027 3110 ep.
1058 3064 1110 3099 111
1140 3077 1176 3110 p.
1205 3067 1311 3108 74sq.
