2046 3354
891 170 1186 215 ...25-

162 279 266 324 facti
310 304 364 311 --
409 280 484 322 aut
525 276 754 335 maiores¹)
797 280 874 321 aut
915 277 1112 320 divorum
1157 277 1463 333 imperatorum
1474 275 1509 333 ¹)
1555 302 1608 307 —
1654 276 1711 319 M.
1746 276 1912 320 Acilius

162 356 394 399 Faustinus
432 354 486 413 (F
504 354 608 399 XVI
627 354 723 412 26),
773 355 819 398 L.
851 353 1020 398 Annius
1057 354 1223 412 Largus
1260 353 1314 411 (F
1333 353 1436 397 XVI
1455 352 1552 410 27),
1602 354 1647 397 L.
1681 353 1913 397 Cossonius

162 433 374 477 Marullus
416 432 471 489 (F
490 431 594 476 XVI
613 431 710 489 29),
758 432 804 475 L.
842 431 1024 475 Roscius
1067 430 1275 475 Aelianus
1317 430 1371 488 (F
1391 429 1494 475 XVI
1513 430 1610 487 31),
1660 431 1705 474 L.
1744 430 1913 475 Salvius

163 509 304 554 Karus
330 508 384 567 (F
398 508 503 552 XVI
517 508 607 567 32),
634 543 666 552 ..
681 543 712 552 ..
733 510 875 552 rocius
900 508 1000 552 Piso
1021 508 1074 566 (F
1086 507 1191 552 XVI
1205 507 1295 565 54),
1319 507 1456 552 Iulius
1475 507 1616 564 Asper
1633 508 1687 566 (F
1700 508 1802 552 XVI
1819 508 1913 565 71);

162 602 301 646 augur
330 587 471 631 factus
503 586 549 630 P.
577 586 801 631 Cornelius
826 586 1059 631 Anullinus
1083 585 1138 644 (F
1158 585 1262 629 XVI
1282 584 1369 641 72).
1418 585 1643 629 Praeterea
1669 584 1713 628 C.
1733 585 1913 628 Mattius

163 663 349 708 Sabinus
381 663 435 722 (F
455 663 559 707 XVI
579 663 671 722 55),
701 665 776 721 qui
806 665 936 708 etiam
968 663 1123 708 flamen
1155 662 1347 707 Iulianus
1378 669 1482 718 erat,
1511 666 1641 719 atque
1674 663 1718 706 L.
1745 663 1913 706 Annius

162 741 308 785 Ravus
343 740 397 799 (F
417 740 520 785 XVI
541 740 618 799 28)
627 740 680 799 ⁸),
711 742 785 798 qui
817 742 946 785 etiam
981 741 1176 798 pontifex
1207 744 1317 796 erat,
1347 741 1549 784 dicuntur
1578 755 1601 782 e
1632 741 1815 796 collegio
1847 755 1915 782 ex-

162 818 362 882 augurati
411 833 503 863 esse
553 834 681 862 causa
730 834 817 863 non
865 818 1020 863 addita.
1094 817 1238 875 Atque
1284 818 1327 862 id
1370 818 1650 862 confirmatur
1692 833 1743 860 eo
1787 818 1915 874 quod,

161 910 421 952 quamquam
455 898 596 940 solent
628 898 671 940 in
703 897 842 940 titulis
873 896 1111 940 sacerdotia
1141 897 1209 939 vel
1240 896 1286 940 iu
1316 895 1442 941 initio
1474 896 1541 939 vel
1574 896 1617 938 in
1650 896 1733 939 fine
1765 910 1914 938 cursus

161 972 375 1017 honorum
406 973 646 1032 inscribi⁴),
677 974 926 1031 saepissime
958 973 1135 1017 saliatus
1167 973 1368 1017 inseritur
1398 973 1536 1017 ordini
1569 974 1787 1029 temporis.
1843 972 1914 1015 Sic

162 1049 207 1094 in
249 1050 390 1095 titulis
434 1052 684 1095 nominatur
726 1052 902 1095 saliatus
946 1051 1034 1094 Ser.
1067 1050 1253 1094 Cornelii
1291 1050 1517 1094 Dolabella
1553 1049 1607 1106 (F
1627 1049 1730 1092 XVI
1751 1050 1827 1106 23)
1871 1053 1916 1093 et

161 1127 206 1170 P.
229 1126 350 1172 Glitfi
377 1128 431 1185 (F
450 1128 554 1171 XVI
574 1127 652 1185 20)
683 1132 727 1172 et
753 1128 798 1171 P.
819 1127 951 1172 Coelii
978 1127 1150 1171 Balbini
1176 1127 1230 1184 (F
1250 1127 1374 1171 XVII
1399 1127 1472 1184 13)
1503 1130 1604 1171 ante
1627 1130 1914 1183 quaesturam,

161 1204 235 1248 sed
289 1205 541 1249 flamonium
597 1209 698 1263 post
751 1221 864 1261 eam;
919 1205 1097 1249 saliatus
1149 1205 1197 1256 Q.
1236 1205 1431 1261 Pompeii
1482 1203 1728 1248 Senecionis
1780 1204 1913 1248 Prisci

159 1281 214 1338 (F
233 1281 359 1325 XVII
382 1281 455 1340 17)
486 1285 586 1326 ante
612 1283 895 1337 consulatum,
926 1283 1000 1326 sed
1025 1286 1125 1339 post
1153 1297 1250 1326 eum
1277 1283 1555 1339 pontificatus
1580 1285 1623 1324 et
1648 1282 1914 1337 sodalitates3

160 1358 336 1403 saliatus
368 1358 443 1403 Cn.
470 1359 630 1403 Pinarii
665 1359 810 1403 Severi
839 1359 892 1416 (F
912 1359 1036 1403 XVII
1057 1359 1105 1415 ὃ)
1136 1363 1235 1402 aute
1267 1364 1553 1415 quaesturam,
1585 1360 1658 1402 sed
1690 1363 1789 1415 post
1820 1375 1912 1403 eam

159 1439 392 1494 auguratus
424 1440 468 1480 et
497 1450 677 1494 regnum
709 1451 940 1491 sacrorum,
970 1440 1020 1480 ut
1043 1437 1230 1492 videtui-3
1262 1437 1446 1492 denique
1479 1436 1654 1479 saliatus
1681 1436 1726 1479 P.
1746 1436 1913 1480 Manilii

158 1512 336 1571 Vopisci
366 1513 419 1572 (F
439 1513 565 1558 XVII
588 1512 633 1571 7)
665 1517 764 1557 ante
795 1514 1152 1570 vigintiviratum,
1184 1513 1256 1556 sed
1288 1514 1567 1570 pontificatus
1593 1517 1637 1557 et
1662 1514 1912 1557 flamonium

158 1593 258 1648 post
294 1595 578 1647 quaesturam.
640 1590 791 1648 Itaque
822 1590 861 1634 ei
893 1591 1027 1646 tituli,
1065 1591 1223 1647 quibus
1255 1592 1432 1635 saliatus
1465 1591 1509 1634 in
1540 1605 1667 1634 cursu
1699 1590 1912 1634 honorum

158 1667 375 1712 invenitur
407 1668 556 1712 ordine
587 1668 794 1725 temporis
826 1682 911 1711 non
944 1671 1125 1723 servato,
1158 1668 1218 1712 ita
1249 1669 1526 1725 intellegendi
1553 1672 1666 1723 sunt,
1697 1673 1746 1711 ut
1771 1668 1915 1723 homo,

159 1745 211 1788 de
247 1759 333 1801 quo
371 1746 534 1803 agitur,
571 1761 594 1788 e
631 1745 815 1802 collegio
853 1745 1056 1788 saliorum
1094 1746 1247 1790 exierit
1278 1747 1528 1802 priusquam
1563 1747 1607 1789 in
1636 1746 1755 1790 aliud
1787 1747 1913 1789 colle-

158 1822 277 1880 gium
310 1825 604 1879 cooptaretur3
635 1822 748 1866 sicut
778 1822 836 1866 Μ.
861 1821 1094 1866 Nummius
1126 1822 1311 1867 Sabinus
1343 1823 1398 1880 (F
1417 1823 1520 1867 XVI
1541 1823 1631 1879 63),
1663 1824 1737 1880 qui
1768 1839 1804 1866 a.
1829 1823 1912 1867 199

158 1914 182 1942 e
231 1899 416 1956 collegio
466 1901 670 1943 saliorum
714 1900 839 1955 exiit,
887 1915 922 1943 a.
956 1899 1043 1943 206
1087 1900 1336 1957 pontificem
1381 1901 1535 1944 salium
1580 1900 1824 1944 Palatinum
1869 1915 1913 1943 se

159 1976 360 2034 appellat.
368 1975 403 2035 ⁶)

277 2053 387 2105 Quia
422 2069 603 2112 regnum
638 2069 856 2099 sacrorum
890 2056 1176 2111 flamoniaque
1208 2056 1370 2099 maiora
1401 2056 1630 2099 coniuncta
1661 2060 1783 2099 erant
1813 2071 1911 2098 cum

157 2132 340 2189 collegio
382 2132 659 2189 pontificum,
707 2147 757 2175 ea
800 2132 1037 2176 sacerdotia
1080 2147 1177 2176 cum
1222 2134 1478 2189 pontificatu
1521 2133 1782 2189 coniungere
1826 2147 1913 2175 non

157 2208 327 2252 licebat.
335 2208 370 2266 ⁶)
444 2209 661 2254 Flamines
705 2210 840 2267 igitur
881 2209 1077 2253 divorum
1122 2211 1297 2254 fuerunt
1340 2211 1379 2254 ei
1423 2211 1621 2254 homines
1663 2210 1738 2265 qui
1782 2209 1912 2252 simul

157 2286 353 2342 pontifex
390 2289 434 2329 et
469 2286 626 2330 flamen
663 2287 709 2329 in
745 2287 884 2330 titulis
920 2288 1217 2343 nominantur,
1254 2303 1288 2331 e.
1314 2303 1353 2345 g.
1391 2288 1437 2331 P.
1463 2287 1667 2331 Manilius
1698 2287 1913 2343 Vopiscus

157 2360 212 2420 (F
231 2361 315 2405 XII
334 2361 394 2420 6).
461 2363 624 2420 Regem
668 2366 812 2407 autem
856 2379 1073 2408 sacrorum
1118 2366 1311 2421 potuisse
1348 2366 1477 2408 etiam
1516 2364 1781 2408 sacerdotem
1819 2364 1912 2407 fieri

156 2440 338 2483 aliorum
389 2440 671 2498 collegiorum
721 2444 900 2498 apparet
948 2456 1001 2484 ex
1051 2442 1191 2485 titulis
1240 2442 1397 2498 quibus
1444 2442 1723 2485 inveniuntur
1766 2442 1912 2484 verba:

161 2515 235 2560 Cn.
261 2517 443 2561 Pinario
475 2551 484 2560 .
506 2551 514 2559 .
535 2551 544 2560 .
579 2517 653 2561 Gn.
676 2519 710 2572 f.
742 2551 751 2559 .
773 2552 781 2560 .
802 2551 812 2560 .
849 2518 995 2562 Severo
1024 2520 1184 2562 consuli
1213 2521 1367 2574 auyum‘
1396 2520 1484 2574 reqi
1513 2519 1753 2575 sa[ororum
1777 2522 1911 2574 praet.

156 2598 309 2649 quaest.
340 2594 488 2651 camd]
527 2596 624 2649 imp.
660 2594 855 2638 Caesaris
885 2595 1049 2638 Nervae
1082 2596 1264 2639 Traiani
1294 2596 1403 2651 Any.
1433 2597 1541 2640 salio
1575 2596 1734 2640 Gollino
1766 2595 1910 2652 etc.'¹);

157 2672 201 2713 et
245 2670 288 2714 Ο.
317 2671 380 2715 Va
525 2685 599 2715 rex
640 2685 853 2715 sacrorum
896 2686 1033 2727 auyur
1074 2686 1166 2715 oum
1199 2673 1375 2716 Manlia
1405 2674 1455 2716 L.
1483 2675 1516 2728 f.
1547 2673 1724 2716 Fadala
1765 2675 1912 2728 reyina

155 2761 369 2791 sacrorum
391 2749 514 2803 patri
543 2747 826 2805 carissimo⁸);
859 2751 903 2791 et
932 2750 1030 2791 civ.
1081 2750 1169 2793 ‚id
1201 2785 1238 2794 ..
1259 2784 1268 2792 .
1299 2751 1387 2805 req'i
1415 2750 1683 2807 sacher-um]
1712 2751 1880 2805 flam..

276 2890 310 2933 1)
337 2887 529 2924 Cornelius
555 2888 757 2924 Dolabella
781 2889 824 2935 (F
843 2888 929 2924 XVI
948 2891 1018 2935 23).
1166 2892 1200 2934 2)
1234 2889 1298 2925 Wi
1284 2901 1437 2933 issowa‚
1474 2890 1487 2925 l
1508 2902 1538 2926 c.
1570 2903 1606 2936 p.
1627 2894 1716 2933 4233
1756 2890 1910 2932 Bessan,

156 2946 239 2993 eph.
260 2957 317 2993 ep.
338 2946 389 2982 111
413 2959 450 2993 p.
472 2950 552 2982 226.
650 2950 686 2993 3)
713 2947 759 2983 cf.
786 2947 918 2984 Habel.
945 2948 969 2984 l.
990 2960 1020 2984 c.
1046 2961 1082 2994 p.
1104 2953 1161 2985 81.
1260 2952 1296 2995 4)
1321 2949 1519 2994 Wissowa,
1545 2950 1568 2984 l.
1584 2962 1614 2986 c.
1635 2962 1669 2995 p.
1685 2954 1751 2985 411
1775 2950 1861 2984 adn.
1876 2954 1908 2985 3.

156 3006 197 3051 5)
217 3005 268 3040 id.
289 3005 339 3041 ib.
359 3017 395 3051 p.
411 3010 480 3042 423
500 3006 586 3042 adn.
601 3010 634 3041 8.
726 3008 762 3052 6)
781 3006 832 3043 id.
846 3007 897 3042 ib.
918 3008 1004 3044 adn.
1021 3012 1052 3043 1.
1147 3011 1181 3053 7)
1201 3008 1275 3044 CIL
1289 3009 1374 3044 XIV
1387 3013 1498 3052 3604ς
1524 3010 1570 3045 cf.
1590 3013 1702 3045 4246:
1727 3010 1912 3056 [aulyuri

154 3064 256 3112 'says'
278 3075 467 3101 sacrorum
486 3066 700 3114 promor-[i
723 3069 859 3114 quaest.
885 3067 991 3103 cond.
1019 3068 1130 3116 imp]
1156 3067 1335 3106 Caesaris.
1433 3071 1469 3116 8)
1495 3069 1569 3104 CIL
1588 3068 1639 3104 VI
1659 3072 1765 3105 2123.
